2842 4806
408 1010 677 1105 Sententiae
706 1013 1048 1106 controuersae.
1127 982 1129 987 ¹

152 1285 177 1348 1.
200 1278 295 1346 Dion.
328 1278 428 1347 Halic.
460 1279 499 1344 de
526 1280 619 1347 Isocr.
647 1295 676 1365 p.
707 1282 778 1357 556,
801 1283 839 1345 13
861 1278 900 1344 R.
923 1278 1124 1365 Dionysium:
1147 1276 1316 1366 ἐπιτηδει-

250 1379 392 1465 ότερον
412 1385 538 1446 Λυσίαν
560 1374 762 1466 ἀπεδεχόμην
783 1380 938 1466 scripsisse
959 1380 1121 1448 contendo.

150 1486 178 1548 2.
200 1482 239 1546 L.
256 1503 281 1548 c.
296 1503 326 1565 p.
341 1485 411 1559 549,
427 1485 446 1547 9
462 1482 500 1548 R.
514 1482 594 1546 hauc
608 1502 750 1568 propono
764 1483 963 1567 scripturam:
978 1483 1042 1545 τῶν
1055 1481 1142 1548 τότε
1159 1482 1316 1568 δημαγω-

248 1583 312 1664 γῶν
333 1592 413 1667 etp.
435 1587 505 1660 561,
527 1586 561 1648 4:
583 1585 687 1648 ταῦτα
706 1579 830 1648 καὶτὰ
851 1581 1069 1670 παραπλήσια
1090 1581 1229 1661 τούτοις.

150 1686 178 1748 3.
200 1683 260 1769 Ep.
291 1685 331 1750 ed
364 1683 422 1751 Cn.
451 1683 561 1768 Pomp.
593 1704 622 1767 p.
657 1687 725 1760 775,
758 1686 777 1749 6
809 1682 846 1750 R.
880 1683 1048 1768 legendum
1081 1705 1147 1749 esse
1179 1684 1316 1751 conicio:

332 1778 459 1872 ὄφελος·
491 1790 550 1863 τίς
582 1785 622 1851 δὲ
650 1779 715 1872 ἥδε
752 1777 882 1871 ἄρετή;
915 1779 935 1872 ἦ
970 1782 1106 1868 καθαρὰ
1137 1795 1208 1862 τοῖς
1241 1777 1317 1850 6νό-

247 1909 396 1969 μασι...
420 1883 587 1964 διάλεκτος
607 1907 643 1950 ac
664 1884 802 1950 similiter
822 1884 861 1947 de
883 1884 958 1968 Lys.
980 1907 1009 1969 p.
1030 1889 1101 1962 472,
1123 1888 1142 1950 6
1163 1906 1225 1969 sq.:
1249 1890 1292 1951 τί
1299 1911 1317 1964 ς

250 1987 291 2052 δὲ
334 1983 445 2052 ’ἐστιν
482 1982 548 2075 ἥδε
584 1981 714 2073 ἄρετής
750 1980 769 2073 ἦ
811 1987 932 2049 πᾶσιν
967 1987 1191 2050 ἐπανθοῦσα
1226 1999 1317 2066 τοῖς

249 2081 412 2169 ὀνόμασι
430 2087 552 2175 χάρις,
580 2090 811 2174 πρᾶγμα...

150 2193 177 2254 4.
200 2189 252 2252 De
273 2188 347 2254 Diu.
369 2187 430 2255 iud.
452 2211 481 2274 p.
501 2192 626 2267 63215
647 2188 684 2256 R.
705 2188 782 2252 haec
802 2186 893 2251 scribi
914 2187 946 2250 in
968 2187 1153 2253 editionibus
1174 2199 1316 2274 oportet:

248 2289 340 2372 περὶ
374 2286 408 2354 δὲ
441 2282 585 2373 ὀνόματα
615 2289 712 2373 μόνον
743 2286 833 2353 κοινὰ
939 2288 1123 2354 ἐσπούδασε
1155 2299 1186 2353 et
1215 2279 1316 2374 paulo

245 2398 332 2453 unte:
355 2383 429 2456 οὔτε
450 2384 579 2476 ἀκριβὲς
601 2385 687 2457 οὔτε
706 2388 876 2474 ἐναργὲς,
893 2383 961 2453 ἀλλ’
976 2383 1042 2454 οὐδ’
1059 2383 1181 2476 ἀληθὲς
1199 2385 1316 2477 ιῦρεῖν.
1360 2430 1372 2467 -,

150 2493 177 2556 5.
200 2490 237 2556 L.
266 2511 292 2554 c.
324 2510 354 2573 p.
380 2493 450 2567 632,
481 2495 518 2556 17
547 2491 585 2560 R.
616 2492 679 2577 legi
706 2492 824 2556 malim:
857 2484 962 2556 οὐδενὶ
991 2494 1054 2554 τῶν
1087 2489 1317 2576 ’ἔμπροσθεν

248 2597 503 2675 γεγενημένων
532 2593 704 2681 σύμφωνον
733 2602 764 2657 et
792 2592 831 2657 de
860 2590 1020 2659 Demosth.
1042 2614 1071 2676 p.
1099 2595 1188 2669 1013,
1215 2597 1253 2660 14
1273 2593 1315 2663 R

248 2693 446 2756 ποιοῦσαν
467 2713 524 2777 pro
545 2705 661 2761 ποιεῖν.

150 2796 177 2857 6.
200 2792 251 2855 De
279 2791 354 2858 Diu.
386 2815 416 2878 p.
439 2795 508 2870 638,
531 2797 551 2858 9
572 2792 610 2860 R.
631 2804 745 2858 rectam
775 2814 840 2857 esse
869 2794 1051 2878 scripturam
1077 2814 1201 2860 censeo:
1235 2788 1316 2861 ὥστ’

253 2886 350 2969 ὅσους
370 2890 557 2979 εὑρίσκομεν
571 2897 810 2980 πρεσβυτέρους
826 2892 942 2959 τούτου
964 2896 1021 2958 τοῦ
1041 2888 1195 2979 ἄρχοντος
1210 2920 1317 2982 φερο-

246 2997 359 3075 μένους
387 2992 433 3071 εἰς
464 2988 561 3059 αὐτὸν
586 2993 701 3079 λόγους
729 2991 777 3074 ὡς
808 2994 843 3062 ἐν
874 3006 963 3072 τοῖς
989 2999 1167 3080 γνησίοις
1194 2994 1315 3076 εἰσίν,

250 3087 465 3180 ἀπιστοίημεν
487 3088 525 3159 ἂν
546 3094 686 3175 εἰκότως.

511 3411 950 3451 -—0>04÷—--—-
