2842 4806
233 341 350 428 Restat,
377 354 411 408 ut
438 343 497 407 hoc
524 344 593 407 loco
619 345 700 429 prof.
736 344 788 410 inl.
823 344 1053 410 Studemundio
1079 356 1110 409 et
1137 346 1219 410 doct.
1251 347 1307 414 lib.

133 453 189 508 art.
210 442 363 522 Stridore,
384 446 438 529 qui
459 465 509 508 me
531 445 714 528 opusculum
740 446 983 510 conscribentem
1005 458 1035 510 et
1056 447 1185 510 consilio
1212 457 1246 510 et
1270 470 1307 511 re

133 544 318 623 adiuuerint
340 548 455 632 gratias
476 568 568 630 agam
590 567 667 629 quas
688 546 786 611 debeo
807 549 968 613 maximas.

238 651 418 731 Antequam
446 646 486 710 de
512 645 671 710 uocabulis
695 648 770 732 ipsis
800 649 902 714 dicere
927 649 1082 733 incipiam,
1105 649 1158 732 qui
1191 649 1306 735 dispu-

131 752 255 816 tationis
276 749 351 813 mihi
379 749 543 812 conueniat
571 770 677 812 cursus
699 771 748 812 me
770 771 926 835 exponere
952 770 1076 814 necesse
1102 760 1158 814 est.
1201 751 1304 815 Artes

131 874 212 937 quae
233 852 378 916 dicuntur
399 859 503 913 mutae
524 871 595 913 cum
616 850 768 934 respicere
789 851 942 915 uoluerim
957 887 990 898 -
1018 849 1078 913 hoc
1099 851 1182 914 enim
1203 850 1305 936 longe

130 954 344 1039 plenissimum
359 950 569 1014 delectationis
586 950 709 1013 uidetur
727 973 854 1036 opus-
872 952 1019 1034 quoniam
1040 973 1122 1035 quae
1143 952 1183 1015 de
1198 953 1305 1017 archi-

131 1065 249 1119 tectura
274 1063 397 1137 sumpta
429 1056 525 1128 esse¹)
552 1073 610 1136 pro
642 1062 725 1115 certo
757 1052 914 1116 affirmare
944 1052 1058 1117 licebat
1084 1074 1146 1116 non
1174 1055 1304 1139 repperi

130 1154 291 1231 uocabula,
303 1153 341 1217 ad
356 1163 436 1216 artes
451 1152 545 1215 modo
559 1152 698 1237 tingendi
709 1163 740 1217 et
751 1153 901 1239 pingendi
917 1155 1056 1218 animum
1074 1159 1305 1240 conuertam.²)

130 1260 238 1339 Atque
269 1276 340 1320 curn
371 1254 433 1317 iam
465 1263 499 1317 ut
529 1263 638 1338 potero
670 1254 744 1336 quid
780 1255 819 1318 de
849 1255 1002 1319 eiusmodi
1029 1255 1159 1320 sentiam
1192 1256 1302 1320 uerbis

130 1376 314 1441 exposuero,
329 1355 494 1440 adgrediar
507 1354 631 1440 epilogo
653 1355 868 1439 disputationis
890 1356 929 1419 ad
951 1356 1104 1420 uocabula
1120 1378 1159 1420 ex
1179 1355 1303 1421 artibus
1323 1351 1325 1355 ’

129 1456 254 1522 texendi
276 1466 305 1520 et
333 1477 391 1520 acu
411 1455 561 1541 pingendi
588 1455 737 1532 traducta,
759 1478 892 1539 quarum
918 1458 1017 1520 maius
1039 1479 1132 1540 quam
1155 1455 1300 1540 opificio·

128 1581 197 1622 rum
220 1579 286 1622 esse
307 1557 470 1622 artificium
491 1578 584 1621 nemo
606 1578 669 1621 non
690 1558 845 1642 perspicit.
876 1557 1043 1622 Praeterea
1057 1556 1152 1621 uerba
1167 1554 1301 1620 Uitruu.

130 1658 280 1742 111,6⁸)
309 1658 475 1744 respiciens
507 1680 570 1722 non
597 1658 690 1723 modo
721 1658 761 1722 ad
791 1658 1026 1723 architecturam
1053 1658 1107 1722 sed
1133 1658 1227 1721 etiam
1257 1658 1302 1721 ad

129 1758 205 1823 alias
240 1769 320 1822 artes
355 1760 549 1844 pertinentia,
585 1760 660 1843 quin
696 1759 946 1824 adnotationibus
981 1759 1135 1824 uocabula
1166 1758 1302 1842 propria

130 1860 353 1946 significatione
373 1861 407 1924 in
428 1859 557 1945 opificiis
578 1870 734 1945 usurpata,
756 1860 868 1924 deinde
889 1861 1036 1925 translata
1057 1861 1090 1924 in
1111 1858 1302 1923 rhetoricam

130 1982 186 2025 suo
209 1960 357 2044 quodque
377 1961 446 2024 loco
467 1971 651 2045 pertractem
672 1962 774 2025 facere
796 1984 858 2025 non
880 1973 998 2047 potera.

231 2060 322 2144 Quae
348 2063 490 2144 quamuis
518 2062 580 2125 iam
602 2072 673 2126 ante
695 2063 884 2146 Dionysium
911 2085 981 2126 rara
1008 2062 1161 2147 legantur,
1191 2070 1301 2126 tamen

131 2163 283 2247 imprimis
304 2161 388 2247 apud
410 2161 493 2228 huuc
515 2186 630 2249 magna
650 2184 757 2228 eorum
779 2174 810 2228 et
830 2165 908 2228 mira
929 2175 975 2229 est
996 2162 1157 2229 conlectio.

231 2336 252 2400 ¹)
270 2334 326 2385 Huc
335 2336 401 2386 haud
411 2338 502 2387 seioan
511 2344 624 2401 spectent
632 2319 1286 2406 ιιοοοειστηρίζειν,στηριγμός,ἀντιστηριγμὸς
1291 2352 1304 2404 ,-

132 2411 332 2491 ἒγκαθισμός,·
358 2411 490 2494 ἐρείδειν,
511 2412 680 2498 tietpaldum
706 2413 805 2497 ἑδρᾶν,
838 2413 972 2498 ἱδρύνειν,
994 2412 1078 2496 ἕδρα,
1105 2411 1301 2493 ἀνέδραστος,

132 2501 260 2587 εὔεδρος,
291 2502 439 2589 δυςεδρος.
488 2521 697 2586 Comparationcs
720 2539 751 2574 cx
775 2524 942 2574 architectura
955 2524 1115 2587 depromptas
1133 2522 1246 2586 reperias
1266 2523 1301 2573 de

133 2620 154 2657 c.
173 2621 198 2656 u.
216 2607 239 2665 d,
257 2621 282 2669 p.
300 2605 332 2655 88
351 2604 420 2670 Sch.;
439 2607 470 2656 12
487 2622 510 2670 p.
529 2608 586 2658 294.

230 2690 254 2753 ²)
271 2690 311 2738 Dc
338 2690 458 2754 opusculo
484 2690 513 2741 Ε,
536 2691 691 2741 Bertrandii:
718 2693 757 2741 ‘de
778 2693 875 2756 pictura
898 2700 923 2742 ct
952 2691 1079 2755 sculptura
1107 2690 1174 2755 apud
1196 2697 1300 2741 ueteres
1355 2700 1357 2704 ’

132 2773 253 2823 rlmtores'
272 2773 366 2839 [Lutet.
383 2773 455 2823 Paris
470 2772 541 2842 1881]
560 2777 610 2824 iam
622 2777 734 2826 Brzoska
749 2777 765 2825 l.
779 2793 798 2828 c.
813 2793 838 2841 p.
850 2779 879 2828 81
899 2776 1065 2825 rectissimum
1091 2775 1151 2824 tecit
1167 2774 1299 2826 iudicium.

233 2859 255 2922 ³)
272 2858 303 2909 cf.
321 2859 417 2910 Friedr.
428 2858 559 2918 Thierscn
578 2856 657 2912 Uebcr
674 2858 712 2912 bie
725 2856 837 2927 bpodreu
854 2860 896 2912 ber
913 2857 1046 2912 bilbenbeu
1060 2857 1139 2923 duait
1156 2859 1232 2910 anter
1250 2859 1300 2911 ben

133 2939 260 3007 orienes,
278 2943 380 2993 Monaci
399 2943 471 3004 1829,
488 2959 511 3007 p.
532 2946 586 2996 105.
