2842 4806
704 144 745 209 25

131 348 362 434 imprimuntur
390 357 420 413 et
436 358 528 414 notae
556 350 723 428 literarum,
748 353 801 434 [aio
830 351 914 437 apud
943 351 1074 432 Stoicos,
1104 353 1189 436 quod
1217 352 1310 419 tradit

133 451 237 537 Diog.
253 452 358 516 Ladrt.
374 450 509 517 V1156:
534 455 652 536 τριχῶς
674 453 709 518 δὲ
730 453 857 537 λέγεται
878 451 915 518 τὸ
937 453 1071 539 γράμμα
1092 453 1130 520 τό
1152 480 1187 521 τε
1218 479 1310 521 στοι-

129 564 228 634 χεῖον
249 547 268 617 t'
289 577 324 618 τε
342 549 507 640 χαρακτῆρ
524 555 582 618 τοῦ
605 557 767 635 στοιχείου
781 556 836 619 καὶ
858 552 896 619 τὸ
916 549 1029 642 ὄνομα]
1052 578 1132 639 quae
1153 546 1239 621 eaeio
1261 559 1309 622 in-

133 653 288 718 ciduntur
307 653 414 737 lapidi,
429 655 492 719 aeri
511 665 565 718 aut
585 654 637 717 alii
652 654 776 718 metallo
799 657 849 721 uel
863 657 933 720 stilo
955 658 1172 742 insculpuntur
1185 659 1308 723 tabulae

133 764 264 819 ceratae
285 765 339 818 aut
360 755 480 818 calamo
500 755 710 818 inscribuntur
731 754 809 820 libro
831 767 885 820 aut
905 780 1035 843 papyro,
1051 759 1136 842 quod
1154 759 1308 844 χάραγμα

134 877 267 940 quoque
290 866 419 920 uocatur
439 854 586 941 (stepha.
620 855 745 940 Operae
767 857 900 941 pretium
921 860 961 922 sit
982 880 1021 923 ex
1047 860 1196 944 exemplis
1217 861 1308 924 huius

134 957 270 1044 genuini
292 958 377 1021 uocis
398 978 516 1033 sensus,
537 978 617 1040 quae
636 955 813 1042 Stephanus
835 957 973 1037 adnotat,
995 961 1156 1046 complura
1176 961 1307 1046 eligere:
1390 1040 1395 1048 η

134 1057 221 1123 Plut.
248 1056 341 1121 Polit.
374 1079 405 1143 p.
427 1061 489 1124 289
511 1057 553 1121 B:
582 1052 602 1144 ῆ
628 1060 686 1123 τοῦ
711 1062 912 1140 νομίσματος
939 1059 1011 1126 ἰδέα
1036 1064 1091 1126 καὶ
1118 1062 1308 1149 σφραγίδων

134 1160 195 1223 καὶ
216 1155 341 1234 παντὸς
358 1161 576 1247 χαρακτῆρος,·
603 1161 700 1224 Arist.
730 1159 807 1225 Oeo.
835 1161 944 1228 1120:
975 1161 1162 1228 ἐπικόπτειν
1185 1186 1307 1247 χαρακ-

134 1262 233 1348 τῆρα,
262 1269 368 1323 notam
394 1260 572 1344 imprimere
593 1272 624 1325 et
644 1263 782 1346 signum3
819 1262 897 1327 Luc.
924 1263 1066 1327 Hermot.
1095 1271 1149 1331 44:
1180 1268 1214 1328 τί
1233 1261 1306 1348 γάρ,

135 1359 169 1427 εἰ
190 1360 273 1447 μηδὲ
294 1359 470 1444 γράμματα
484 1361 665 1448 γράφοιμεν
686 1360 741 1427 ἐπὶ
763 1366 826 1426 τῶν
846 1362 978 1451 κλήρων,
995 1357 1078 1427 άλλά
1101 1389 1172 1429 τινα
1188 1376 1307 1450 οῆμεῐα

134 1464 194 1527 καὶ
226 1464 443 1548 χαρακτῆρας,
480 1458 536 1526 οἷα
569 1461 677 1527 πολλὰ
712 1462 891 1547 Αἰγύπτιοι
922 1463 1105 1552 γράφουσιν
1142 1460 1212 1530 άντὶ
1244 1469 1307 1530 τῶν

83 1592 86 1596 ·
133 1562 354 1650 γραμμάτων·
388 1562 472 1630 Plut.
493 1564 562 1631 adu.
587 1564 688 1629 Colot.
711 1587 742 1650 p.
768 1570 846 1633 1120
868 1567 910 1631 F:
940 1569 972 1632 οἳ
994 1568 1048 1650 (ao.
1071 1566 1201 1648 rancidac)
1230 1563 1307 1642 τοὺς

131 1665 347 1752 χαρακτῆρας
368 1660 399 1729 ἐν
420 1675 491 1742 τοῖς
519 1664 649 1742 πυξίοις
675 1665 860 1748 ἐθιζόμενοι
881 1668 982 1753 λέγειν
990 1689 998 1751 ;
1026 1668 1065 1731 de
1087 1669 1146 1730 deo
1169 1665 1255 1733 Socr.
1276 1688 1306 1750 p.

133 1770 199 1830 577
230 1765 278 1830 E:
310 1761 397 1841 ἰ’άιός
426 1788 476 1841 τις
505 1758 522 1828 ὁ
551 1764 654 1842 τύπος
681 1770 734 1831 καὶ
763 1766 964 1853 βαρβαρικὸς
991 1772 1055 1833 τῶν
1082 1766 1305 1854 χαρακτῆριυν;

134 1865 252 1930 Moral.
276 1887 306 1951 p.
321 1868 382 1930 214
396 1863 437 1929 F:
457 1887 486 1944 χ.
508 1864 707 1950 γραμμάτων
729 1869 781 1952 (cf.
798 1868 865 1934 Cio.
882 1892 926 1933 or.
948 1872 1004 1936 36:
1023 1864 1091 1932 ‘sed
1111 1871 1144 1931 in
1166 1869 1251 1931 omni
1272 1888 1305 1931 re

133 1966 356 2032 difficillimum
371 1976 417 2029 eat
431 1965 573 2043 formam,
595 1988 675 2061 quae
687 1968 852 2058 χαρακτῆρ
875 1969 994 2036 Graece
1013 1970 1134 2047 dicitur,
1149 1991 1305 2054 exponere

135 2069 269 2155 optumi,
292 2066 377 2151 quod
399 2065 483 2130 aliud
505 2066 571 2128 aliis
593 2066 715 2131 uidetur
737 2065 908 2155 optimum,
931 2071 970 2134 ad
993 2093 1072 2154 quae
1093 2070 1229 2136 Jahnius
1251 2071 1305 2134 ad·

136 2181 237 2237 notat:
255 2163 433 2254 χαρακτήρ
448 2168 507 2233 oua
523 2167 672 2252 (dentiae,
688 2170 774 2254 δοκεῖ)
790 2173 910 2255 melchta
932 2171 977 2238 oie
995 2171 1110 2256 diitinge
1125 2169 1305 2252 bestimmten

141 2269 246 2354 Qut)
265 2270 328 2338 uuo
358 2269 496 2352 (deltano
517 2266 666 2349 θάνοιμι,
695 2271 748 2338 tot.
777 2272 954 2357 genitalia)
976 2284 1061 2350 μυίας
1093 2271 1151 2341 on.
1173 2271 1305 2356 tibertrpt

146 2378 180 2438 ea
198 2371 280 2456 autri)
303 2370 413 2447 forma,
435 2388 486 2437 um
508 2367 584 2451 nicht
605 2371 660 2437 oen
682 2369 840 2442 dabantur
862 2393 902 2441 on
924 2373 970 2440 eiu
995 2373 1141 2458 :inaurea
1164 2371 1306 2455 druto'ttc:

142 2470 280 2557 atarneo
303 2470 452 2539 ffliattmot
474 2489 510 2555 χιι
532 2471 676 2552 urmatten,
698 2473 735 2539 oa
758 2481 791 2540 ea
814 2473 874 2557 iam
897 2476 966 2554 oud:
991 2473 1054 2559 irie:
1076 2494 1127 2541 uu
1149 2475 1206 2539 oua
1229 2473 1306 2540 noll:

138 2571 270 2660 sidoniae
295 2572 371 2642 tutu
403 2574 455 2639 oea
485 2572 612 2657 (daupu
644 2592 679 2658 χυ
714 2575 787 2657 ttpur
816 2573 861 2656 itt.
903 2574 1055 2659 Qirsseirtrt
1087 2579 1167 2658 [tutte
1199 2594 1230 2640 et
1261 2573 1306 2640 bie

136 2672 240 2743 &teile
267 2675 321 2741 bed
351 2673 442 2738 Plato
472 2672 620 2757 (Phaedr.
648 2696 678 2758 p.
708 2678 768 2740 263
794 2677 836 2761 B)
864 2676 905 2743 im
938 2676 1056 2746 &nuez
1086 2679 1218 2760 πρῶτον
1248 2676 1305 2757 μὲν

135 2776 217 2842 δεῖ.
240 2824 249 2844 .
272 2822 279 2838 .
309 2772 474 2862 εἰληφέναι
496 2771 567 2838 τινὰ
592 2780 782 2864 χαρακτῆρα
802 2777 953 2865 ἑκατέροιν
982 2781 1039 2842 τοῦ
1068 2777 1176 2855 εἴδους
1197 2788 1227 2841 et
1248 2780 1305 2843 46:

129 2871 293 2961 ‘idemque
315 2880 370 2960 (so.
395 2876 588 2960 Aristoteles)
620 2877 713 2955 locos,
735 2880 779 2942 sio
810 2879 892 2942 enim
921 2878 1066 2964 appellat,
1094 2880 1182 2962 quasi
1211 2901 1304 2962 argn-

133 2989 314 3044 mentorum
336 2991 425 3042 notas
447 2977 580 3053 tradidit,
596 2979 679 3043 unde
701 2980 800 3043 omnis
822 2980 854 3043 in
875 2989 1179 3064 utramquepartem
1204 2978 1304 3041 trahe-

131 3091 221 3144 retur
249 3073 369 3157 oratio',
399 3079 451 3144 ubi
473 3077 608 3143 dahnius
639 3102 747 3144 uocem
767 3074 877 3146 ‘notas’
907 3080 951 3143 aio
978 3081 1210 3164 interpretatur:
1236 3072 1303 3145 ‘beu

133 3181 288 3265 &temnet
313 3181 371 3246 out
401 3181 549 3264 (dentigo,
581 3183 651 3263 nort)
682 3181 813 3265 naiman
845 3181 883 3264 tie
915 3181 1035 3248 attonat
1068 3179 1128 3247 uno
1159 3175 1304 3260 beitimmt

132 3274 286 3366 wetben').
329 3279 439 3365 Neque
469 3282 591 3357 mirum,
621 3281 706 3364 quod
734 3303 772 3345 ne
802 3281 1030 3366 metaphoricus
1058 3279 1183 3363 quidem
1205 3279 1302 3355 uerbi,

133 3384 174 3448 de
197 3404 261 3467 quo
283 3383 394 3468 agitur,
417 3405 490 3446 usus
511 3406 530 3445 a
552 3382 705 3447 uocabulo
727 3381 830 3460 τύπος
851 3383 1004 3447 abhorret.
1047 3381 1189 3444 Primum
1220 3381 1302 3442 enim

131 3486 167 3549 in
198 3485 378 3548 uniuersum
407 3483 561 3567 significat
587 3482 719 3546 formam
747 3486 788 3564 (u.
811 3484 950 3549 Pideritii
979 3482 1043 3546 ind.
1065 3481 1149 3547 uerb.
1172 3481 1212 3544 ad
1235 3480 1300 3546 Cio.

131 3607 178 3652 or.
193 3609 217 3653 a.
233 3608 263 3648 u.
285 3585 418 3670 speeies:
441 3578 608 3667 ‘ditiorum
630 3585 747 3669 species
769 3586 827 3652 boa
843 3585 917 3653 niu
940 3584 972 3651 iu
993 3581 1083 3667 Ῐάαα
1105 3579 1302 3665 &aimoinum

132 3688 207 3754 obet
228 3686 280 3753 ola
305 3683 502 3770 dumeinunq
531 3684 687 3769 bepeidpuet
708 3739 714 3752 .
738 3739 772 3755 ..
802 3683 836 3766 ut
865 3686 965 3749 torma
990 3681 1302 3768 matronarum

129 3787 226 3872 taine:
261 3784 392 3872 ploitijdr
426 3786 648 3870 ouagepr'a'qten
681 3784 800 3867 (deitatt
831 3789 892 3854 uno
925 3784 1099 3870 adiubat,
1131 3784 1222 3869 υοῐμι
1248 3786 1301 3849 36:

126 3883 246 3953 ‘forma
267 3889 322 3972 qui
346 3884 510 3972 χαρακτῆρ
541 3885 661 3952 Graece
691 3881 821 3965 dicitur',
845 3893 916 3954 134:
941 3882 1008 3950 ‘aed
1030 3887 1090 3949 iam
1112 3885 1213 3947 forma
1233 3884 1301 3968 ipsa

129 3999 229 4053 restat
251 3998 282 4052 et
300 3986 464 4075 χαρακτῆρ
487 3988 539 4052 ille
561 3990 614 4070 qui
636 3987 754 4051 dieitur'
780 3989 822 4072 (u.
845 3989 1074 4052 adnotationem
1097 3984 1239 4048 Pideritii
1260 3985 1301 4047 ad

129 4091 235 4154 forma
253 4085 312 4156 ‘bie
335 4088 483 4175 eigenttidr
506 4087 658 4171 {tilittitdre
679 4087 782 4172 {totu
804 4089 853 4156 oet
874 4087 1009 4172 {irritatu
1032 4085 1194 4154 undeunde
1216 4084 1301 4151 ilua:

130 4189 223 4273 muci,
239 4189 272 4258 iu
295 4191 358 4258 bern
380 4189 432 4273 titt]
448 4191 498 4256 bet
514 4188 650 4260 debant:
670 4188 702 4255 iu
724 4188 949 4256 nodtommenat
964 4186 1130 4272 &minuat
1148 4187 1301 4270 ouaprtgt

129 4292 195 4361 uuo
216 4297 268 4360 bet
288 4291 396 4359 uotum
417 4292 475 4357 aaa
498 4289 647 4375 eiqarttid]
670 4286 918 4372 drototteriitijdpe
936 4288 1130 4373 deaurantur
1152 4287 1204 4353 bea
1223 4285 1300 4352 uod:

129 4395 299 4460 tommenen
330 4389 469 4459 debuero
500 4385 555 4476 dt',
584 4394 642 4460 90:
672 4386 770 4458 ‘hano
802 4413 864 4478 ego
892 4390 1004 4456 iudan
1036 4391 1182 4451 turmam
1207 4382 1334 4442 amm

119 4484 268 4568 oratonia',
296 4496 348 4556 74:
371 4489 484 4560 ‘forma
508 4490 663 4579 dicendi‘,
694 4502 756 4569 92:
773 4493 1040 4588 ‘piurimumque
1063 4496 1117 4552 aaa
1127 4485 1175 4546 *in
1188 4479 1264 4538 *naa
1282 4490 1360 4531 ora-
