<?xml version="1.0" encoding="UTF-8"?>
<!DOCTYPE html PUBLIC "-//W3C//DTD XHTML 1.0 Transitional//EN"
    "http://www.w3.org/TR/xhtml1/DTD/xhtml1-transitional.dtd">
<html xmlns="http://www.w3.org/1999/xhtml" xml:lang="en" lang="en">
 <head>
  <title>
</title>
<meta http-equiv="Content-Type" content="text/html;charset=utf-8" />
  <meta name='ocr-system' content='tesseract 3.04.00' />
  <meta name='ocr-capabilities' content='ocr_page ocr_carea ocr_par ocr_line ocrx_word'/>
</head>
<body>
  <div class='ocr_page' id='page_1' title='image "./dionysiushalica00greigoog_0029.png"; bbox 0 0 2842 4806; ppageno 0'>
   <div class='ocr_carea' id='block_1_1' title="bbox 686 153 727 216">
    <p class='ocr_par' dir='ltr' id='par_1_1' title="bbox 686 153 727 216">
     <span class='ocr_line' id='line_1_1' title="bbox 686 153 727 216; baseline 0.024 -1"><span class='ocrx_word' id='word_1_1' title='bbox 686 153 727 216; x_wconf 95' lang='grc'>22</span> 
     </span>
    </p>
   </div>
   <div class='ocr_carea' id='block_1_2' title="bbox 599 240 810 249">
    <p class='ocr_par' dir='ltr' id='par_1_2' title="bbox 599 240 810 249">
     <span class='ocr_line' id='line_1_2' title="bbox 599 240 810 249; baseline 0 -1"><span class='ocrx_word' id='word_1_2' title='bbox 599 240 810 249; x_wconf 54' lang='grc' dir='ltr'>...ια-*-</span> 
     </span>
    </p>
   </div>
   <div class='ocr_carea' id='block_1_3' title="bbox 126 355 1301 3174">
    <p class='ocr_par' dir='ltr' id='par_1_3' title="bbox 126 355 1301 3174">
     <span class='ocr_line' id='line_1_3' title="bbox 126 355 1299 448; baseline 0.003 -22"><span class='ocrx_word' id='word_1_3' title='bbox 126 364 292 448; x_wconf 85' lang='lat' dir='ltr'>speetat’¹),</span> <span class='ocrx_word' id='word_1_4' title='bbox 307 372 341 426; x_wconf 93' lang='lat' dir='ltr'>ut</span> <span class='ocrx_word' id='word_1_5' title='bbox 356 362 437 426; x_wconf 88' lang='lat' dir='ltr'>male</span> <span class='ocrx_word' id='word_1_6' title='bbox 451 363 668 445; x_wconf 84' lang='lat' dir='ltr'>interpretetur</span> <span class='ocrx_word' id='word_1_7' title='bbox 682 360 843 424; x_wconf 83' lang='lat' dir='ltr'>Emestius</span> <span class='ocrx_word' id='word_1_8' title='bbox 862 355 912 423; x_wconf 83' lang='lat' dir='ltr'>‘ea</span> <span class='ocrx_word' id='word_1_9' title='bbox 929 382 1001 445; x_wconf 88' lang='lat' dir='ltr'>pars</span> <span class='ocrx_word' id='word_1_10' title='bbox 1015 360 1119 438; x_wconf 88' lang='lat' dir='ltr'>libelli,</span> <span class='ocrx_word' id='word_1_11' title='bbox 1135 362 1227 444; x_wconf 85' lang='lat' dir='ltr'>quae&#39;</span> <span class='ocrx_word' id='word_1_12' title='bbox 1242 371 1299 430; x_wconf 82' lang='lat' dir='ltr'>eto.</span> 
     </span>
     <span class='ocr_line' id='line_1_4' title="bbox 126 460 1300 547; baseline -0.001 -20"><span class='ocrx_word' id='word_1_13' title='bbox 126 464 282 547; x_wconf 87' lang='lat' dir='ltr'>adquam</span> <span class='ocrx_word' id='word_1_14' title='bbox 304 464 478 527; x_wconf 89' lang='lat' dir='ltr'>uersionem</span> <span class='ocrx_word' id='word_1_15' title='bbox 499 463 565 526; x_wconf 88' lang='lat' dir='ltr'>sine</span> <span class='ocrx_word' id='word_1_16' title='bbox 587 460 681 525; x_wconf 91' lang='lat' dir='ltr'>dubio</span> <span class='ocrx_word' id='word_1_17' title='bbox 704 462 871 546; x_wconf 88' lang='lat' dir='ltr'>perductus</span> <span class='ocrx_word' id='word_1_18' title='bbox 898 473 952 536; x_wconf 87' lang='lat' dir='ltr'>est,</span> <span class='ocrx_word' id='word_1_19' title='bbox 974 462 1059 545; x_wconf 91' lang='lat' dir='ltr'>quod</span> <span class='ocrx_word' id='word_1_20' title='bbox 1085 461 1160 525; x_wconf 86' lang='lat' dir='ltr'>alibi</span> <span class='ocrx_word' id='word_1_21' title='bbox 1182 462 1300 544; x_wconf 72' lang='lat' dir='ltr'>legitur</span> 
     </span>
     <span class='ocr_line' id='line_1_5' title="bbox 126 560 1298 650; baseline -0.001 -22"><span class='ocrx_word' id='word_1_22' title='bbox 126 564 230 642; x_wconf 82' lang='grc' dir='ltr'><em>τόπος</em></span> <span class='ocrx_word' id='word_1_23' title='bbox 251 560 477 650; x_wconf 81' lang='grc' dir='ltr'><strong><em>πραγματικός</em></strong></span> <span class='ocrx_word' id='word_1_24' title='bbox 505 572 535 625; x_wconf 84' lang='lat' dir='ltr'>et</span> <span class='ocrx_word' id='word_1_25' title='bbox 565 587 591 629; x_wconf 86' lang='grc' dir='ltr'>τ.</span> <span class='ocrx_word' id='word_1_26' title='bbox 613 561 764 640; x_wconf 84' lang='grc' dir='ltr'><strong><em>λεκιικός,</em></strong></span> <span class='ocrx_word' id='word_1_27' title='bbox 790 571 824 626; x_wconf 95' lang='lat' dir='ltr'>ut</span> <span class='ocrx_word' id='word_1_28' title='bbox 845 560 884 625; x_wconf 85' lang='lat' dir='ltr'>de</span> <span class='ocrx_word' id='word_1_29' title='bbox 906 583 930 627; x_wconf 89' lang='lat' dir='ltr'>o.</span> <span class='ocrx_word' id='word_1_30' title='bbox 952 584 981 625; x_wconf 92' lang='lat' dir='ltr'>u.</span> <span class='ocrx_word' id='word_1_31' title='bbox 1007 564 1033 639; x_wconf 93' lang='lat'>1,</span> <span class='ocrx_word' id='word_1_32' title='bbox 1064 584 1095 647; x_wconf 91' lang='lat' dir='ltr'>p.</span> <span class='ocrx_word' id='word_1_33' title='bbox 1119 567 1182 628; x_wconf 89' lang='lat'>814</span> <span class='ocrx_word' id='word_1_34' title='bbox 1203 563 1298 634; x_wconf 83' lang='lat' dir='ltr'>Sch.:</span> 
     </span>
     <span class='ocr_line' id='line_1_6' title="bbox 127 658 1298 752; baseline 0.002 -23"><span class='ocrx_word' id='word_1_35' title='bbox 127 665 159 730; x_wconf 82' lang='grc' dir='ltr'>οἱ</span> <span class='ocrx_word' id='word_1_36' title='bbox 181 659 249 729; x_wconf 79' lang='grc' dir='ltr'>ἀπό</span> <span class='ocrx_word' id='word_1_37' title='bbox 271 668 328 752; x_wconf 80' lang='grc' dir='ltr'><strong><em>τῆς</em></strong></span> <span class='ocrx_word' id='word_1_38' title='bbox 350 667 456 740; x_wconf 82' lang='grc' dir='ltr'><strong><em>Στοᾶς</em></strong></span> <span class='ocrx_word' id='word_1_39' title='bbox 478 663 661 750; x_wconf 91' lang='grc' dir='ltr'><strong><em>φιλόσοφοι</em></strong></span> <span class='ocrx_word' id='word_1_40' title='bbox 683 658 720 728; x_wconf 79' lang='grc' dir='ltr'>οὐ</span> <span class='ocrx_word' id='word_1_41' title='bbox 742 660 859 750; x_wconf 82' lang='grc' dir='ltr'><strong><em>μικρὰν</em></strong></span> <span class='ocrx_word' id='word_1_42' title='bbox 880 664 1042 749; x_wconf 80' lang='grc' dir='ltr'><strong><em>φροντίδα</em></strong></span> <span class='ocrx_word' id='word_1_43' title='bbox 1063 666 1121 728; x_wconf 80' lang='grc' dir='ltr'>τοῦ</span> <span class='ocrx_word' id='word_1_44' title='bbox 1149 665 1298 731; x_wconf 78' lang='grc' dir='ltr'><strong><em>λειτικοό</em></strong></span> 
     </span>
     <span class='ocr_line' id='line_1_7' title="bbox 126 761 1299 851; baseline 0 -20"><span class='ocrx_word' id='word_1_45' title='bbox 126 766 230 831; x_wconf 90' lang='grc' dir='ltr'><strong><em>τόπου</em></strong></span> <span class='ocrx_word' id='word_1_46' title='bbox 252 769 484 850; x_wconf 81' lang='grc' dir='ltr'><strong><em>πεποιημένοι,-</em></strong></span> <span class='ocrx_word' id='word_1_47' title='bbox 511 788 541 851; x_wconf 95' lang='lat' dir='ltr'>p.</span> <span class='ocrx_word' id='word_1_48' title='bbox 573 769 614 829; x_wconf 94' lang='grc'>22</span> <span class='ocrx_word' id='word_1_49' title='bbox 636 765 722 832; x_wconf 81' lang='lat' dir='ltr'>Sch.:</span> <span class='ocrx_word' id='word_1_50' title='bbox 753 761 794 828; x_wconf 86' lang='grc' dir='ltr'>τό</span> <span class='ocrx_word' id='word_1_51' title='bbox 824 766 902 849; x_wconf 83' lang='grc' dir='ltr'><strong><em>περὶ</em></strong></span> <span class='ocrx_word' id='word_1_52' title='bbox 932 762 987 828; x_wconf 90' lang='grc' dir='ltr'>τόν</span> <span class='ocrx_word' id='word_1_53' title='bbox 1018 762 1162 832; x_wconf 85' lang='grc' dir='ltr'><strong><em>λεκτικόν</em></strong></span> <span class='ocrx_word' id='word_1_54' title='bbox 1193 764 1299 831; x_wconf 80' lang='grc' dir='ltr'><strong><em>τόπον</em></strong></span> 
     </span>
     <span class='ocr_line' id='line_1_8' title="bbox 126 863 1299 954; baseline 0 -22"><span class='ocrx_word' id='word_1_55' title='bbox 126 866 343 954; x_wconf 70' lang='grc' dir='ltr'><strong><em>θεωρήματα,</em></strong></span> <span class='ocrx_word' id='word_1_56' title='bbox 375 888 421 950; x_wconf 92' lang='lat' dir='ltr'>ep.</span> <span class='ocrx_word' id='word_1_57' title='bbox 454 866 494 928; x_wconf 90' lang='lat' dir='ltr'>ad</span> <span class='ocrx_word' id='word_1_58' title='bbox 528 867 587 932; x_wconf 83' lang='lat' dir='ltr'>Cn.</span> <span class='ocrx_word' id='word_1_59' title='bbox 618 865 728 950; x_wconf 90' lang='lat' dir='ltr'><strong>Pomp.</strong></span> <span class='ocrx_word' id='word_1_60' title='bbox 760 869 855 942; x_wconf 84' lang='grc'><strong>6,1(),</strong></span> <span class='ocrx_word' id='word_1_61' title='bbox 888 887 917 950; x_wconf 88' lang='lat' dir='ltr'>p.</span> <span class='ocrx_word' id='word_1_62' title='bbox 949 870 988 933; x_wconf 78' lang='lat' dir='ltr'>bl</span> <span class='ocrx_word' id='word_1_63' title='bbox 1019 867 1092 933; x_wconf 72' lang='grc' dir='ltr'>Κατ</span> <span class='ocrx_word' id='word_1_64' title='bbox 1124 863 1208 929; x_wconf 86' lang='grc' dir='ltr'><strong><em>κατὰ</em></strong></span> <span class='ocrx_word' id='word_1_65' title='bbox 1242 865 1299 932; x_wconf 87' lang='grc' dir='ltr'>τόν</span> 
     </span>
     <span class='ocr_line' id='line_1_9' title="bbox 126 962 1296 1054; baseline 0.002 -22"><span class='ocrx_word' id='word_1_66' title='bbox 126 969 350 1054; x_wconf 87' lang='grc' dir='ltr'><strong><em>πραγματικόν</em></strong></span> <span class='ocrx_word' id='word_1_67' title='bbox 369 966 471 1032; x_wconf 89' lang='grc' dir='ltr'><strong><em>τόπον</em></strong></span> <span class='ocrx_word' id='word_1_68' title='bbox 493 962 696 1051; x_wconf 78' lang='grc' dir='ltr'><strong><em>ἁμαρτάνειν.</em></strong></span> <span class='ocrx_word' id='word_1_69' title='bbox 725 966 789 1031; x_wconf 88' lang='lat' dir='ltr'>Sed</span> <span class='ocrx_word' id='word_1_70' title='bbox 808 967 903 1033; x_wconf 91' lang='lat' dir='ltr'>Henr.</span> <span class='ocrx_word' id='word_1_71' title='bbox 918 966 1097 1052; x_wconf 83' lang='lat' dir='ltr'>Stephanus</span> <span class='ocrx_word' id='word_1_72' title='bbox 1112 966 1296 1035; x_wconf 83' lang='lat' dir='ltr'>schediasm.</span> 
     </span>
     <span class='ocr_line' id='line_1_10' title="bbox 127 1065 1298 1150; baseline 0.001 -18"><span class='ocrx_word' id='word_1_73' title='bbox 127 1070 159 1132; x_wconf 90' lang='lat' dir='ltr'>ll</span> <span class='ocrx_word' id='word_1_74' title='bbox 183 1072 222 1134; x_wconf 90' lang='grc'><strong>14</strong></span> <span class='ocrx_word' id='word_1_75' title='bbox 242 1068 350 1132; x_wconf 91' lang='lat' dir='ltr'>lectori</span> <span class='ocrx_word' id='word_1_76' title='bbox 377 1067 635 1130; x_wconf 86' lang='lat' dir='ltr'>considerandum</span> <span class='ocrx_word' id='word_1_77' title='bbox 661 1067 795 1150; x_wconf 90' lang='lat' dir='ltr'>reliquit,</span> <span class='ocrx_word' id='word_1_78' title='bbox 818 1089 858 1130; x_wconf 86' lang='lat' dir='ltr'>au</span> <span class='ocrx_word' id='word_1_79' title='bbox 886 1090 948 1131; x_wconf 91' lang='lat' dir='ltr'>uon</span> <span class='ocrx_word' id='word_1_80' title='bbox 979 1065 1229 1132; x_wconf 74' lang='lat' dir='ltr'>ariaovnomeu</span> <span class='ocrx_word' id='word_1_81' title='bbox 1251 1068 1298 1133; x_wconf 83' lang='lat' dir='ltr'>his</span> 
     </span>
     <span class='ocr_line' id='line_1_11' title="bbox 126 1165 1297 1253; baseline 0.002 -21"><span class='ocrx_word' id='word_1_82' title='bbox 126 1169 201 1233; x_wconf 90' lang='lat' dir='ltr'>locis</span> <span class='ocrx_word' id='word_1_83' title='bbox 222 1168 446 1234; x_wconf 89' lang='lat' dir='ltr'>restituendum</span> <span class='ocrx_word' id='word_1_84' title='bbox 467 1169 513 1235; x_wconf 87' lang='lat' dir='ltr'>sit.</span> <span class='ocrx_word' id='word_1_85' title='bbox 540 1165 645 1249; x_wconf 80' lang='lat' dir='ltr'>Quam</span> <span class='ocrx_word' id='word_1_86' title='bbox 667 1166 818 1251; x_wconf 82' lang='lat' dir='ltr'>Stephani</span> <span class='ocrx_word' id='word_1_87' title='bbox 840 1170 1023 1232; x_wconf 83' lang='lat' dir='ltr'>sententiam</span> <span class='ocrx_word' id='word_1_88' title='bbox 1044 1167 1136 1232; x_wconf 91' lang='lat' dir='ltr'>ualde</span> <span class='ocrx_word' id='word_1_89' title='bbox 1158 1169 1297 1253; x_wconf 86' lang='lat' dir='ltr'>proban·</span> 
     </span>
     <span class='ocr_line' id='line_1_12' title="bbox 126 1267 1298 1354; baseline 0.002 -20"><span class='ocrx_word' id='word_1_90' title='bbox 126 1271 198 1334; x_wconf 88' lang='lat' dir='ltr'>dam</span> <span class='ocrx_word' id='word_1_91' title='bbox 219 1291 330 1335; x_wconf 89' lang='lat' dir='ltr'>censeo</span> <span class='ocrx_word' id='word_1_92' title='bbox 353 1281 383 1334; x_wconf 92' lang='lat' dir='ltr'>et</span> <span class='ocrx_word' id='word_1_93' title='bbox 403 1269 488 1354; x_wconf 89' lang='lat' dir='ltr'>quod</span> <span class='ocrx_word' id='word_1_94' title='bbox 509 1267 612 1345; x_wconf 84' lang='grc' dir='ltr'><strong><em>τόπος</em></strong></span> <span class='ocrx_word' id='word_1_95' title='bbox 625 1267 853 1354; x_wconf 84' lang='grc' dir='ltr'><strong><em>πραγματικός</em></strong></span> <span class='ocrx_word' id='word_1_96' title='bbox 866 1280 895 1333; x_wconf 89' lang='lat' dir='ltr'>et</span> <span class='ocrx_word' id='word_1_97' title='bbox 911 1268 1014 1347; x_wconf 86' lang='grc' dir='ltr'><strong><em>τόπος</em></strong></span> <span class='ocrx_word' id='word_1_98' title='bbox 1031 1267 1176 1348; x_wconf 86' lang='grc' dir='ltr'><strong><em>λεκτικός</em></strong></span> <span class='ocrx_word' id='word_1_99' title='bbox 1197 1271 1298 1336; x_wconf 90' lang='lat' dir='ltr'>multo</span> 
     </span>
     <span class='ocr_line' id='line_1_13' title="bbox 126 1368 1295 1458; baseline 0.002 -23"><span class='ocrx_word' id='word_1_100' title='bbox 126 1372 245 1448; x_wconf 88' lang='lat' dir='ltr'>melius,</span> <span class='ocrx_word' id='word_1_101' title='bbox 277 1372 363 1455; x_wconf 91' lang='lat' dir='ltr'>quod</span> <span class='ocrx_word' id='word_1_102' title='bbox 393 1371 565 1454; x_wconf 86' lang='lat' dir='ltr'>Dionysius</span> <span class='ocrx_word' id='word_1_103' title='bbox 598 1368 698 1432; x_wconf 84' lang='lat' dir='ltr'>dicere</span> <span class='ocrx_word' id='word_1_104' title='bbox 728 1369 803 1445; x_wconf 89' lang='lat' dir='ltr'>uult,</span> <span class='ocrx_word' id='word_1_105' title='bbox 831 1369 1007 1454; x_wconf 85' lang='lat' dir='ltr'>significant</span> <span class='ocrx_word' id='word_1_106' title='bbox 1038 1379 1068 1433; x_wconf 90' lang='lat' dir='ltr'>et</span> <span class='ocrx_word' id='word_1_107' title='bbox 1108 1371 1197 1455; x_wconf 92' lang='lat' dir='ltr'>quod</span> <span class='ocrx_word' id='word_1_108' title='bbox 1241 1394 1295 1458; x_wconf 87' lang='lat' dir='ltr'>pro</span> 
     </span>
     <span class='ocr_line' id='line_1_14' title="bbox 126 1469 1296 1556; baseline 0.001 -19"><span class='ocrx_word' id='word_1_109' title='bbox 126 1473 279 1538; x_wconf 88' lang='lat' dir='ltr'>uocabulo</span> <span class='ocrx_word' id='word_1_110' title='bbox 311 1471 414 1550; x_wconf 89' lang='grc' dir='ltr'><strong><em>τόπος</em></strong></span> <span class='ocrx_word' id='word_1_111' title='bbox 444 1471 590 1556; x_wconf 86' lang='lat' dir='ltr'>perfacile</span> <span class='ocrx_word' id='word_1_112' title='bbox 621 1469 817 1553; x_wconf 85' lang='lat' dir='ltr'>neglegentia</span> <span class='ocrx_word' id='word_1_113' title='bbox 844 1470 1039 1536; x_wconf 82' lang='lat' dir='ltr'>librariorum</span> <span class='ocrx_word' id='word_1_114' title='bbox 1067 1470 1173 1549; x_wconf 91' lang='grc' dir='ltr'><strong><em>τόπος</em></strong></span> <span class='ocrx_word' id='word_1_115' title='bbox 1204 1472 1296 1539; x_wconf 83' lang='lat' dir='ltr'>scribi</span> 
     </span>
     <span class='ocr_line' id='line_1_15' title="bbox 126 1570 1297 1661; baseline 0.001 -23"><span class='ocrx_word' id='word_1_116' title='bbox 126 1585 256 1660; x_wconf 88' lang='lat' dir='ltr'>poterat.</span> <span class='ocrx_word' id='word_1_117' title='bbox 301 1575 459 1640; x_wconf 88' lang='lat' dir='ltr'>Ceterium</span> <span class='ocrx_word' id='word_1_118' title='bbox 491 1570 783 1635; x_wconf 85' lang='lat' dir='ltr'>commemoratione</span> <span class='ocrx_word' id='word_1_119' title='bbox 820 1571 950 1656; x_wconf 83' lang='lat' dir='ltr'>dignum</span> <span class='ocrx_word' id='word_1_120' title='bbox 985 1574 1108 1638; x_wconf 87' lang='lat' dir='ltr'>uidetur</span> <span class='ocrx_word' id='word_1_121' title='bbox 1138 1573 1203 1659; x_wconf 87' lang='lat' dir='ltr'>legi</span> <span class='ocrx_word' id='word_1_122' title='bbox 1241 1597 1297 1661; x_wconf 89' lang='lat' dir='ltr'>pro</span> 
     </span>
     <span class='ocr_line' id='line_1_16' title="bbox 127 1671 1299 1759; baseline 0.003 -21"><span class='ocrx_word' id='word_1_123' title='bbox 127 1673 230 1752; x_wconf 89' lang='grc' dir='ltr'><strong><em>τόπος</em></strong></span> <span class='ocrx_word' id='word_1_124' title='bbox 261 1675 353 1739; x_wconf 88' lang='lat' dir='ltr'>etiam</span> <span class='ocrx_word' id='word_1_125' title='bbox 385 1673 517 1758; x_wconf 86' lang='grc' dir='ltr'><strong><em>τρόπος,</em></strong></span> <span class='ocrx_word' id='word_1_126' title='bbox 549 1682 585 1735; x_wconf 92' lang='lat' dir='ltr'>ut</span> <span class='ocrx_word' id='word_1_127' title='bbox 615 1671 654 1735; x_wconf 91' lang='lat' dir='ltr'>de</span> <span class='ocrx_word' id='word_1_128' title='bbox 677 1672 769 1739; x_wconf 88' lang='lat' dir='ltr'>lsocr.</span> <span class='ocrx_word' id='word_1_129' title='bbox 790 1676 819 1748; x_wconf 83' lang='lat'>4,</span> <span class='ocrx_word' id='word_1_130' title='bbox 842 1695 872 1756; x_wconf 88' lang='lat' dir='ltr'>p.</span> <span class='ocrx_word' id='word_1_131' title='bbox 894 1677 964 1749; x_wconf 87' lang='grc'><strong>542,</strong></span> <span class='ocrx_word' id='word_1_132' title='bbox 988 1678 1025 1738; x_wconf 93' lang='grc'>11</span> <span class='ocrx_word' id='word_1_133' title='bbox 1058 1673 1125 1759; x_wconf 90' lang='lat' dir='ltr'>(ubi</span> <span class='ocrx_word' id='word_1_134' title='bbox 1156 1674 1299 1741; x_wconf 88' lang='lat' dir='ltr'>Wolfius</span> 
     </span>
     <span class='ocr_line' id='line_1_17' title="bbox 127 1768 1299 1862; baseline 0.003 -24"><span class='ocrx_word' id='word_1_135' title='bbox 127 1775 247 1839; x_wconf 90' lang='lat' dir='ltr'>mauult</span> <span class='ocrx_word' id='word_1_136' title='bbox 267 1773 393 1861; x_wconf 84' lang='grc' dir='ltr'><strong><em>τόπφ);</em></strong></span> <span class='ocrx_word' id='word_1_137' title='bbox 425 1774 463 1837; x_wconf 88' lang='lat' dir='ltr'>de</span> <span class='ocrx_word' id='word_1_138' title='bbox 485 1772 645 1837; x_wconf 86' lang='lat' dir='ltr'>Dinarcho</span> <span class='ocrx_word' id='word_1_139' title='bbox 668 1776 696 1850; x_wconf 87' lang='grc'>6,</span> <span class='ocrx_word' id='word_1_140' title='bbox 717 1796 747 1858; x_wconf 91' lang='lat' dir='ltr'>p.</span> <span class='ocrx_word' id='word_1_141' title='bbox 770 1776 908 1848; x_wconf 81' lang='grc'><strong>641,11;</strong></span> <span class='ocrx_word' id='word_1_142' title='bbox 936 1768 953 1836; x_wconf 88' lang='grc' dir='ltr'><strong><em>ό</em></strong></span> <span class='ocrx_word' id='word_1_143' title='bbox 976 1768 1186 1862; x_wconf 48' lang='grc' dir='ltr'><strong><em>δ’(Ῡπερείδης</em></strong></span> <span class='ocrx_word' id='word_1_144' title='bbox 1212 1774 1299 1842; x_wconf 81' lang='grc' dir='ltr'><strong><em>κατὰ</em></strong></span> 
     </span>
     <span class='ocr_line' id='line_1_18' title="bbox 126 1866 1300 1963; baseline 0.003 -23"><span class='ocrx_word' id='word_1_145' title='bbox 126 1877 183 1958; x_wconf 78' lang='grc' dir='ltr'><strong><em>μὲν</em></strong></span> <span class='ocrx_word' id='word_1_146' title='bbox 209 1873 265 1963; x_wconf 83' lang='grc' dir='ltr'>τὴν</span> <span class='ocrx_word' id='word_1_147' title='bbox 292 1872 420 1963; x_wconf 74' lang='grc' dir='ltr'><strong><em>ἐκλογὴν</em></strong></span> <span class='ocrx_word' id='word_1_148' title='bbox 446 1877 509 1939; x_wconf 82' lang='grc' dir='ltr'>τῶν</span> <span class='ocrx_word' id='word_1_149' title='bbox 537 1867 703 1955; x_wconf 87' lang='grc' dir='ltr'><strong><em>όνομάτων</em></strong></span> <span class='ocrx_word' id='word_1_150' title='bbox 734 1866 872 1960; x_wconf 79' lang='grc' dir='ltr'><strong><em>ἡττᾶται</em></strong></span> <span class='ocrx_word' id='word_1_151' title='bbox 903 1878 1040 1953; x_wconf 82' lang='grc' dir='ltr'>Λυσίου,</span> <span class='ocrx_word' id='word_1_152' title='bbox 1066 1873 1151 1940; x_wconf 81' lang='grc' dir='ltr'><strong><em>κατὰ</em></strong></span> <span class='ocrx_word' id='word_1_153' title='bbox 1178 1876 1213 1942; x_wconf 79' lang='grc' dir='ltr'>δὲ</span> <span class='ocrx_word' id='word_1_154' title='bbox 1243 1875 1300 1943; x_wconf 90' lang='grc' dir='ltr'>τόν</span> 
     </span>
     <span class='ocr_line' id='line_1_19' title="bbox 126 1973 1298 2063; baseline 0.002 -22"><span class='ocrx_word' id='word_1_155' title='bbox 126 1973 352 2063; x_wconf 85' lang='grc' dir='ltr'><strong><em>πραγματικόν</em></strong></span> <span class='ocrx_word' id='word_1_156' title='bbox 372 1976 496 2063; x_wconf 88' lang='grc' dir='ltr'><strong><em>τρόπον</em></strong></span> <span class='ocrx_word' id='word_1_157' title='bbox 518 1975 683 2061; x_wconf 74' lang='grc' dir='ltr'><strong><em>διαφέρει,</em></strong></span> <span class='ocrx_word' id='word_1_158' title='bbox 706 1974 744 2037; x_wconf 90' lang='lat' dir='ltr'>de</span> <span class='ocrx_word' id='word_1_159' title='bbox 773 1974 805 2038; x_wconf 93' lang='lat' dir='ltr'>ui</span> <span class='ocrx_word' id='word_1_160' title='bbox 826 1975 987 2042; x_wconf 82' lang='lat' dir='ltr'>Demosth.</span> <span class='ocrx_word' id='word_1_161' title='bbox 1009 1980 1059 2053; x_wconf 89' lang='grc'>51,</span> <span class='ocrx_word' id='word_1_162' title='bbox 1085 1997 1114 2061; x_wconf 89' lang='lat' dir='ltr'>p.</span> <span class='ocrx_word' id='word_1_163' title='bbox 1139 1981 1298 2057; x_wconf 90' lang='grc'><strong>1112,15,</strong></span> 
     </span>
     <span class='ocr_line' id='line_1_20' title="bbox 128 2069 1298 2164; baseline -0.001 -20"><span class='ocrx_word' id='word_1_164' title='bbox 128 2078 215 2144; x_wconf 90' lang='lat' dir='ltr'>Sch.:</span> <span class='ocrx_word' id='word_1_165' title='bbox 244 2080 302 2142; x_wconf 81' lang='grc' dir='ltr'>τοῦ</span> <span class='ocrx_word' id='word_1_166' title='bbox 333 2079 432 2162; x_wconf 84' lang='grc' dir='ltr'><strong><em>λέγειν</em></strong></span> <span class='ocrx_word' id='word_1_167' title='bbox 453 2069 488 2144; x_wconf 77' lang='grc' dir='ltr'>εὖ</span> <span class='ocrx_word' id='word_1_168' title='bbox 515 2072 607 2162; x_wconf 78' lang='grc' dir='ltr'><strong><em>διττὴ</em></strong></span> <span class='ocrx_word' id='word_1_169' title='bbox 635 2069 654 2162; x_wconf 76' lang='grc' dir='ltr'><em>ἦ</em></span> <span class='ocrx_word' id='word_1_170' title='bbox 682 2075 843 2159; x_wconf 91' lang='grc' dir='ltr'><strong><em>διαίρεσίς</em></strong></span> <span class='ocrx_word' id='word_1_171' title='bbox 868 2073 955 2142; x_wconf 75' lang='grc' dir='ltr'><strong><em>ἐστιν</em></strong></span> <span class='ocrx_word' id='word_1_172' title='bbox 982 2074 1029 2154; x_wconf 83' lang='grc' dir='ltr'>εἴς</span> <span class='ocrx_word' id='word_1_173' title='bbox 1050 2101 1084 2141; x_wconf 89' lang='grc' dir='ltr'>τε</span> <span class='ocrx_word' id='word_1_174' title='bbox 1110 2075 1167 2142; x_wconf 91' lang='grc' dir='ltr'>τόν</span> <span class='ocrx_word' id='word_1_175' title='bbox 1188 2102 1298 2164; x_wconf 89' lang='grc' dir='ltr'><strong><em>πραγ-</em></strong></span> 
     </span>
     <span class='ocr_line' id='line_1_21' title="bbox 127 2175 1299 2264; baseline 0 -20"><span class='ocrx_word' id='word_1_176' title='bbox 127 2177 271 2262; x_wconf 91' lang='grc' dir='ltr'><strong><em>ματιπόν</em></strong></span> <span class='ocrx_word' id='word_1_177' title='bbox 286 2178 408 2264; x_wconf 91' lang='grc' dir='ltr'><strong><em>τρόπον</em></strong></span> <span class='ocrx_word' id='word_1_178' title='bbox 428 2181 482 2244; x_wconf 83' lang='grc' dir='ltr'><strong><em>καὶ</em></strong></span> <span class='ocrx_word' id='word_1_179' title='bbox 504 2178 551 2256; x_wconf 87' lang='grc' dir='ltr'>εἷς</span> <span class='ocrx_word' id='word_1_180' title='bbox 572 2175 627 2242; x_wconf 89' lang='grc' dir='ltr'>τὸν</span> <span class='ocrx_word' id='word_1_181' title='bbox 648 2175 789 2242; x_wconf 83' lang='grc' dir='ltr'><strong><em>λεκτικόν</em></strong></span> <span class='ocrx_word' id='word_1_182' title='bbox 810 2177 859 2248; x_wconf 85' lang='lat' dir='ltr'>(of.</span> <span class='ocrx_word' id='word_1_183' title='bbox 879 2198 926 2261; x_wconf 89' lang='lat' dir='ltr'>ep.</span> <span class='ocrx_word' id='word_1_184' title='bbox 942 2178 982 2241; x_wconf 88' lang='lat' dir='ltr'>ad</span> <span class='ocrx_word' id='word_1_185' title='bbox 1003 2177 1061 2244; x_wconf 91' lang='lat' dir='ltr'>Cn.</span> <span class='ocrx_word' id='word_1_186' title='bbox 1073 2177 1184 2264; x_wconf 89' lang='lat' dir='ltr'>Pomp.</span> <span class='ocrx_word' id='word_1_187' title='bbox 1199 2183 1229 2256; x_wconf 90' lang='grc'>2,</span> <span class='ocrx_word' id='word_1_188' title='bbox 1248 2184 1299 2257; x_wconf 90' lang='grc'>15,</span> 
     </span>
     <span class='ocr_line' id='line_1_22' title="bbox 127 2272 1298 2368; baseline -0.001 -23"><span class='ocrx_word' id='word_1_189' title='bbox 127 2304 157 2365; x_wconf 93' lang='lat' dir='ltr'>p.</span> <span class='ocrx_word' id='word_1_190' title='bbox 183 2285 223 2347; x_wconf 88' lang='grc'>24</span> <span class='ocrx_word' id='word_1_191' title='bbox 246 2281 319 2346; x_wconf 87' lang='lat' dir='ltr'>Kr.:</span> <span class='ocrx_word' id='word_1_192' title='bbox 352 2272 409 2343; x_wconf 80' lang='grc' dir='ltr'><strong><em>οὖν.</em></strong></span> <span class='ocrx_word' id='word_1_193' title='bbox 440 2278 510 2344; x_wconf 70' lang='grc' dir='ltr'><strong><em>ἔστι</em></strong></span> <span class='ocrx_word' id='word_1_194' title='bbox 540 2277 686 2363; x_wconf 76' lang='grc' dir='ltr'><strong><em>μεγάλων</em></strong></span> <span class='ocrx_word' id='word_1_195' title='bbox 719 2277 879 2359; x_wconf 80' lang='grc' dir='ltr'><strong><em>ἐπιτυχεῖν</em></strong></span> <span class='ocrx_word' id='word_1_196' title='bbox 911 2276 942 2344; x_wconf 80' lang='grc' dir='ltr'>ἒν</span> <span class='ocrx_word' id='word_1_197' title='bbox 975 2272 1080 2344; x_wconf 76' lang='grc' dir='ltr'><strong><em>οὐδενὶ</em></strong></span> <span class='ocrx_word' id='word_1_198' title='bbox 1106 2278 1220 2364; x_wconf 84' lang='grc' dir='ltr'><strong><em>τρόπφ</em></strong></span> <span class='ocrx_word' id='word_1_199' title='bbox 1250 2277 1298 2368; x_wconf 80' lang='grc' dir='ltr'><strong><em>μὴ</em></strong></span> 
     </span>
     <span class='ocr_line' id='line_1_23' title="bbox 129 2375 1301 2466; baseline 0 -20"><span class='ocrx_word' id='word_1_200' title='bbox 129 2383 267 2446; x_wconf 78' lang='grc' dir='ltr'><strong><em>τοιαῦτα</em></strong></span> <span class='ocrx_word' id='word_1_201' title='bbox 281 2381 461 2463; x_wconf 79' lang='grc' dir='ltr'><strong><em>τολμῶντα,</em></strong></span> <span class='ocrx_word' id='word_1_202' title='bbox 483 2379 536 2444; x_wconf 91' lang='lat' dir='ltr'>ubi</span> <span class='ocrx_word' id='word_1_203' title='bbox 555 2381 701 2465; x_wconf 85' lang='lat' dir='ltr'>Krueger</span> <span class='ocrx_word' id='word_1_204' title='bbox 722 2381 815 2444; x_wconf 89' lang='lat' dir='ltr'>uertit</span> <span class='ocrx_word' id='word_1_205' title='bbox 832 2375 877 2444; x_wconf 89' lang='lat' dir='ltr'>‘in</span> <span class='ocrx_word' id='word_1_206' title='bbox 898 2380 984 2444; x_wconf 92' lang='lat' dir='ltr'>nullo</span> <span class='ocrx_word' id='word_1_207' title='bbox 1006 2379 1128 2444; x_wconf 89' lang='lat' dir='ltr'>dicendi</span> <span class='ocrx_word' id='word_1_208' title='bbox 1148 2384 1301 2466; x_wconf 86' lang='lat' dir='ltr'>genere’),</span> 
     </span>
     <span class='ocr_line' id='line_1_24' title="bbox 126 2480 1298 2569; baseline 0.003 -24"><span class='ocrx_word' id='word_1_209' title='bbox 126 2481 292 2569; x_wconf 80' lang='grc' dir='ltr'><strong><em>χαρακτήρ</em></strong></span> <span class='ocrx_word' id='word_1_210' title='bbox 315 2484 357 2567; x_wconf 88' lang='lat' dir='ltr'>(u.</span> <span class='ocrx_word' id='word_1_211' title='bbox 380 2481 419 2545; x_wconf 89' lang='lat' dir='ltr'>de</span> <span class='ocrx_word' id='word_1_212' title='bbox 434 2483 510 2567; x_wconf 87' lang='lat' dir='ltr'>Lys.</span> <span class='ocrx_word' id='word_1_213' title='bbox 535 2485 582 2558; x_wconf 84' lang='lat'>15,</span> <span class='ocrx_word' id='word_1_214' title='bbox 604 2503 636 2565; x_wconf 93' lang='lat' dir='ltr'>p.</span> <span class='ocrx_word' id='word_1_215' title='bbox 656 2484 783 2556; x_wconf 77' lang='lat'>485,13</span> <span class='ocrx_word' id='word_1_216' title='bbox 804 2480 858 2557; x_wconf 64' lang='lat' dir='ltr'>R,</span> <span class='ocrx_word' id='word_1_217' title='bbox 880 2501 927 2565; x_wconf 86' lang='lat' dir='ltr'>ep.</span> <span class='ocrx_word' id='word_1_218' title='bbox 948 2481 987 2544; x_wconf 91' lang='lat' dir='ltr'>ad</span> <span class='ocrx_word' id='word_1_219' title='bbox 1012 2481 1069 2547; x_wconf 84' lang='lat' dir='ltr'>Cu.</span> <span class='ocrx_word' id='word_1_220' title='bbox 1094 2481 1204 2566; x_wconf 89' lang='lat' dir='ltr'>Pomp.</span> <span class='ocrx_word' id='word_1_221' title='bbox 1219 2485 1251 2560; x_wconf 88' lang='grc'>4,</span> <span class='ocrx_word' id='word_1_222' title='bbox 1270 2489 1298 2560; x_wconf 91' lang='grc'>1,</span> 
     </span>
     <span class='ocr_line' id='line_1_25' title="bbox 127 2580 1298 2668; baseline 0 -20"><span class='ocrx_word' id='word_1_223' title='bbox 127 2607 157 2668; x_wconf 93' lang='lat' dir='ltr'>p.</span> <span class='ocrx_word' id='word_1_224' title='bbox 170 2587 225 2668; x_wconf 76' lang='lat'>423</span> <span class='ocrx_word' id='word_1_225' title='bbox 241 2587 270 2659; x_wconf 89' lang='grc'>6,</span> <span class='ocrx_word' id='word_1_226' title='bbox 284 2585 342 2667; x_wconf 78' lang='lat' dir='ltr'>op.</span> <span class='ocrx_word' id='word_1_227' title='bbox 356 2586 396 2647; x_wconf 85' lang='grc'>56</span> <span class='ocrx_word' id='word_1_228' title='bbox 405 2583 487 2666; x_wconf 75' lang='lat' dir='ltr'>Ka),</span> <span class='ocrx_word' id='word_1_229' title='bbox 501 2581 572 2646; x_wconf 77' lang='grc' dir='ltr'><strong><em>ἰδέα</em></strong></span> <span class='ocrx_word' id='word_1_230' title='bbox 584 2582 634 2666; x_wconf 84' lang='lat' dir='ltr'>(cf.</span> <span class='ocrx_word' id='word_1_231' title='bbox 643 2603 690 2666; x_wconf 88' lang='lat' dir='ltr'>ep.</span> <span class='ocrx_word' id='word_1_232' title='bbox 706 2581 746 2645; x_wconf 87' lang='lat' dir='ltr'>ad</span> <span class='ocrx_word' id='word_1_233' title='bbox 762 2580 941 2665; x_wconf 85' lang='lat' dir='ltr'>CnPomp.</span> <span class='ocrx_word' id='word_1_234' title='bbox 952 2585 981 2658; x_wconf 86' lang='lat'>3,</span> <span class='ocrx_word' id='word_1_235' title='bbox 1002 2585 1050 2659; x_wconf 84' lang='lat'>15,</span> <span class='ocrx_word' id='word_1_236' title='bbox 1065 2604 1093 2667; x_wconf 94' lang='lat' dir='ltr'>p.</span> <span class='ocrx_word' id='word_1_237' title='bbox 1110 2586 1150 2648; x_wconf 81' lang='lat'>37</span> <span class='ocrx_word' id='word_1_238' title='bbox 1165 2583 1240 2659; x_wconf 84' lang='lat' dir='ltr'>Kr.;</span> <span class='ocrx_word' id='word_1_239' title='bbox 1257 2585 1298 2648; x_wconf 91' lang='lat' dir='ltr'>de</span> 
     </span>
     <span class='ocr_line' id='line_1_26' title="bbox 127 2681 1298 2767; baseline 0.003 -21"><span class='ocrx_word' id='word_1_240' title='bbox 127 2682 225 2749; x_wconf 86' lang='lat' dir='ltr'>Thuc.</span> <span class='ocrx_word' id='word_1_241' title='bbox 241 2687 291 2761; x_wconf 93' lang='grc'>21,</span> <span class='ocrx_word' id='word_1_242' title='bbox 306 2706 336 2767; x_wconf 93' lang='lat' dir='ltr'>p.</span> <span class='ocrx_word' id='word_1_243' title='bbox 354 2686 412 2747; x_wconf 87' lang='grc'>125</span> <span class='ocrx_word' id='word_1_244' title='bbox 427 2683 522 2763; x_wconf 56' lang='grc' dir='ltr'><strong><em>Καί),</em></strong></span> <span class='ocrx_word' id='word_1_245' title='bbox 549 2682 597 2746; x_wconf 90' lang='lat' dir='ltr'>Ne</span> <span class='ocrx_word' id='word_1_246' title='bbox 618 2682 733 2746; x_wconf 89' lang='lat' dir='ltr'>diutius</span> <span class='ocrx_word' id='word_1_247' title='bbox 748 2683 894 2746; x_wconf 84' lang='lat' dir='ltr'>disseram</span> <span class='ocrx_word' id='word_1_248' title='bbox 916 2683 955 2746; x_wconf 87' lang='lat' dir='ltr'>de</span> <span class='ocrx_word' id='word_1_249' title='bbox 974 2681 1166 2747; x_wconf 85' lang='lat' dir='ltr'>substantiuo</span> <span class='ocrx_word' id='word_1_250' title='bbox 1180 2682 1298 2765; x_wconf 89' lang='grc' dir='ltr'><strong><em>τόπος,</em></strong></span> 
     </span>
     <span class='ocr_line' id='line_1_27' title="bbox 128 2778 1299 2868; baseline 0.004 -22"><span class='ocrx_word' id='word_1_251' title='bbox 128 2784 299 2860; x_wconf 88' lang='lat' dir='ltr'>uideamus,</span> <span class='ocrx_word' id='word_1_252' title='bbox 332 2783 443 2867; x_wconf 87' lang='lat' dir='ltr'>quibus</span> <span class='ocrx_word' id='word_1_253' title='bbox 472 2784 546 2848; x_wconf 91' lang='lat' dir='ltr'>locis</span> <span class='ocrx_word' id='word_1_254' title='bbox 579 2783 751 2868; x_wconf 87' lang='lat' dir='ltr'>Dionysius</span> <span class='ocrx_word' id='word_1_255' title='bbox 781 2784 876 2848; x_wconf 89' lang='lat' dir='ltr'>uerba</span> <span class='ocrx_word' id='word_1_256' title='bbox 905 2781 1102 2848; x_wconf 77' lang='grc' dir='ltr'><strong><em>ἕκτυποόν</em></strong></span> <span class='ocrx_word' id='word_1_257' title='bbox 1131 2793 1160 2847; x_wconf 91' lang='lat' dir='ltr'>et</span> <span class='ocrx_word' id='word_1_258' title='bbox 1189 2778 1299 2851; x_wconf 85' lang='grc' dir='ltr'><strong><em>όπο-</em></strong></span> 
     </span>
     <span class='ocr_line' id='line_1_28' title="bbox 128 2884 1297 2969; baseline 0.001 -21"><span class='ocrx_word' id='word_1_259' title='bbox 128 2885 322 2969; x_wconf 59' lang='grc' dir='ltr'><strong><em>τυποῦνθ)</em></strong></span> <span class='ocrx_word' id='word_1_260' title='bbox 345 2885 477 2969; x_wconf 81' lang='lat' dir='ltr'>figurata</span> <span class='ocrx_word' id='word_1_261' title='bbox 498 2887 530 2948; x_wconf 89' lang='lat' dir='ltr'>ui</span> <span class='ocrx_word' id='word_1_262' title='bbox 551 2894 679 2969; x_wconf 86' lang='lat' dir='ltr'>usurpet</span> <span class='ocrx_word' id='word_1_263' title='bbox 701 2884 846 2968; x_wconf 88' lang='lat' dir='ltr'>(simplex</span> <span class='ocrx_word' id='word_1_264' title='bbox 868 2885 950 2947; x_wconf 88' lang='lat' dir='ltr'>enim</span> <span class='ocrx_word' id='word_1_265' title='bbox 972 2887 1094 2948; x_wconf 85' lang='grc' dir='ltr'><strong><em>τυποόν</em></strong></span> <span class='ocrx_word' id='word_1_266' title='bbox 1111 2905 1177 2946; x_wconf 90' lang='lat' dir='ltr'>uno</span> <span class='ocrx_word' id='word_1_267' title='bbox 1199 2886 1297 2949; x_wconf 91' lang='lat' dir='ltr'>modo</span> 
     </span>
     <span class='ocr_line' id='line_1_29' title="bbox 128 2984 1298 3071; baseline 0.004 -24"><span class='ocrx_word' id='word_1_268' title='bbox 128 2984 197 3048; x_wconf 85' lang='lat' dir='ltr'>loco</span> <span class='ocrx_word' id='word_1_269' title='bbox 224 3005 323 3068; x_wconf 88' lang='lat' dir='ltr'>eoque</span> <span class='ocrx_word' id='word_1_270' title='bbox 352 2987 499 3071; x_wconf 86' lang='lat' dir='ltr'>primario</span> <span class='ocrx_word' id='word_1_271' title='bbox 529 3008 620 3050; x_wconf 89' lang='lat' dir='ltr'>sensu</span> <span class='ocrx_word' id='word_1_272' title='bbox 649 2986 774 3070; x_wconf 85' lang='lat' dir='ltr'>legitur:</span> <span class='ocrx_word' id='word_1_273' title='bbox 806 2985 845 3048; x_wconf 90' lang='lat' dir='ltr'>de</span> <span class='ocrx_word' id='word_1_274' title='bbox 866 2994 927 3050; x_wconf 90' lang='lat' dir='ltr'>uet.</span> <span class='ocrx_word' id='word_1_275' title='bbox 950 2985 1052 3069; x_wconf 87' lang='lat' dir='ltr'>script.</span> <span class='ocrx_word' id='word_1_276' title='bbox 1073 3007 1099 3052; x_wconf 88' lang='lat' dir='ltr'>c.</span> <span class='ocrx_word' id='word_1_277' title='bbox 1122 2989 1149 3060; x_wconf 92' lang='lat'>1,</span> <span class='ocrx_word' id='word_1_278' title='bbox 1172 3007 1200 3070; x_wconf 92' lang='lat' dir='ltr'>p.</span> <span class='ocrx_word' id='word_1_279' title='bbox 1222 2990 1298 3066; x_wconf 82' lang='grc'><strong>417,</strong></span> 
     </span>
     <span class='ocr_line' id='line_1_30' title="bbox 131 3080 1299 3174; baseline 0.004 -25"><span class='ocrx_word' id='word_1_280' title='bbox 131 3089 169 3149; x_wconf 92' lang='grc'>12</span> <span class='ocrx_word' id='word_1_281' title='bbox 190 3085 242 3153; x_wconf 53' lang='lat' dir='ltr'>Ra</span> <span class='ocrx_word' id='word_1_282' title='bbox 264 3087 319 3150; x_wconf 84' lang='grc' dir='ltr'><strong><em>καὶ</em></strong></span> <span class='ocrx_word' id='word_1_283' title='bbox 340 3084 395 3151; x_wconf 89' lang='grc' dir='ltr'>τόν</span> <span class='ocrx_word' id='word_1_284' title='bbox 416 3091 472 3174; x_wconf 75' lang='grc' dir='ltr'><strong><em>τῆς</em></strong></span> <span class='ocrx_word' id='word_1_285' title='bbox 492 3089 726 3170; x_wconf 74' lang='grc' dir='ltr'><strong><em>πολυμαθείας</em></strong></span> <span class='ocrx_word' id='word_1_286' title='bbox 747 3085 858 3173; x_wconf 78' lang='grc' dir='ltr'><strong><em>ἐ’ρανον</em></strong></span> <span class='ocrx_word' id='word_1_287' title='bbox 873 3087 1056 3171; x_wconf 82' lang='grc' dir='ltr'><strong><em>συλλέγοντι</em></strong></span> <span class='ocrx_word' id='word_1_288' title='bbox 1074 3080 1130 3151; x_wconf 85' lang='grc' dir='ltr'><strong><em>σόν.</em></strong></span> <span class='ocrx_word' id='word_1_289' title='bbox 1149 3084 1299 3174; x_wconf 75' lang='grc' dir='ltr'><strong><em>ἐξίτηλον</em></strong></span> 
     </span>
    </p>
   </div>
   <div class='ocr_carea' id='block_1_4' title="bbox 128 3292 1298 3742">
    <p class='ocr_par' dir='ltr' id='par_1_4' title="bbox 129 3292 1298 3464">
     <span class='ocr_line' id='line_1_31' title="bbox 228 3292 1298 3380; baseline 0.006 -18"><span class='ocrx_word' id='word_1_290' title='bbox 228 3313 249 3376; x_wconf 88' lang='lat'>¹)</span> <span class='ocrx_word' id='word_1_291' title='bbox 267 3312 309 3363; x_wconf 87' lang='lat' dir='ltr'>Sic</span> <span class='ocrx_word' id='word_1_292' title='bbox 325 3299 411 3373; x_wconf 79' lang='grc' dir='ltr'><strong><em>τόπος</em></strong></span> <span class='ocrx_word' id='word_1_293' title='bbox 436 3292 616 3374; x_wconf 72' lang='grc' dir='ltr'><strong><em>ἕπισῖσλικός</em></strong></span> <span class='ocrx_word' id='word_1_294' title='bbox 637 3316 749 3367; x_wconf 85' lang='lat' dir='ltr'>Demetr.</span> <span class='ocrx_word' id='word_1_295' title='bbox 775 3323 805 3361; x_wconf 81' lang='grc' dir='ltr'>π.</span> <span class='ocrx_word' id='word_1_296' title='bbox 827 3297 893 3380; x_wconf 77' lang='grc' dir='ltr'><strong><em>ἕρμ.</em></strong></span> <span class='ocrx_word' id='word_1_297' title='bbox 916 3313 977 3365; x_wconf 82' lang='lat'>230:</span> <span class='ocrx_word' id='word_1_298' title='bbox 1003 3314 1144 3364; x_wconf 88' lang='lat' dir='ltr'>‘methodus</span> <span class='ocrx_word' id='word_1_299' title='bbox 1171 3316 1298 3379; x_wconf 83' lang='lat' dir='ltr'>epistolae</span> 
     </span>
     <span class='ocr_line' id='line_1_32' title="bbox 129 3395 1176 3464; baseline 0.004 -18"><span class='ocrx_word' id='word_1_300' title='bbox 129 3397 285 3458; x_wconf 78' lang='lat' dir='ltr'>scribendae,</span> <span class='ocrx_word' id='word_1_301' title='bbox 303 3397 345 3450; x_wconf 81' lang='lat' dir='ltr'>oet</span> <span class='ocrx_word' id='word_1_302' title='bbox 362 3395 483 3464; x_wconf 69' lang='lat' dir='ltr'>Stielltil,</span> <span class='ocrx_word' id='word_1_303' title='bbox 501 3396 539 3450; x_wconf 81' lang='lat' dir='ltr'>bie</span> <span class='ocrx_word' id='word_1_304' title='bbox 556 3397 671 3462; x_wconf 69' lang='lat' dir='ltr'>ueniet,</span> <span class='ocrx_word' id='word_1_305' title='bbox 689 3397 774 3462; x_wconf 64' lang='lat' dir='ltr'>melote</span> <span class='ocrx_word' id='word_1_306' title='bbox 791 3399 833 3451; x_wconf 82' lang='lat' dir='ltr'>ber</span> <span class='ocrx_word' id='word_1_307' title='bbox 850 3396 924 3463; x_wconf 71' lang='lat' dir='ltr'>tbriei</span> <span class='ocrx_word' id='word_1_308' title='bbox 941 3395 1070 3462; x_wconf 74' lang='lat' dir='ltr'>erlorbert&#39;</span> <span class='ocrx_word' id='word_1_309' title='bbox 1088 3398 1176 3464; x_wconf 68' lang='lat' dir='ltr'>(Era).</span> 
     </span>
    </p>

    <p class='ocr_par' dir='ltr' id='par_1_5' title="bbox 128 3485 1297 3742">
     <span class='ocr_line' id='line_1_33' title="bbox 227 3485 1297 3567; baseline 0.009 -24"><span class='ocrx_word' id='word_1_310' title='bbox 227 3498 252 3562; x_wconf 84' lang='lat'>²)</span> <span class='ocrx_word' id='word_1_311' title='bbox 270 3485 378 3567; x_wconf 79' lang='grc' dir='ltr'><strong><em>Μέρος</em></strong></span> <span class='ocrx_word' id='word_1_312' title='bbox 398 3507 447 3565; x_wconf 85' lang='grc' dir='ltr'><strong><em>πρ.</em></strong></span> <span class='ocrx_word' id='word_1_313' title='bbox 465 3506 490 3549; x_wconf 90' lang='lat' dir='ltr'>et</span> <span class='ocrx_word' id='word_1_314' title='bbox 507 3487 534 3546; x_wconf 85' lang='grc' dir='ltr'>λ.</span> <span class='ocrx_word' id='word_1_315' title='bbox 552 3500 644 3564; x_wconf 81' lang='lat' dir='ltr'>legitur</span> <span class='ocrx_word' id='word_1_316' title='bbox 664 3502 696 3551; x_wconf 87' lang='lat' dir='ltr'>de</span> <span class='ocrx_word' id='word_1_317' title='bbox 713 3501 792 3552; x_wconf 86' lang='lat' dir='ltr'>Thuc.</span> <span class='ocrx_word' id='word_1_318' title='bbox 812 3502 852 3560; x_wconf 86' lang='grc'>21,</span> <span class='ocrx_word' id='word_1_319' title='bbox 877 3515 901 3563; x_wconf 88' lang='lat' dir='ltr'>p.</span> <span class='ocrx_word' id='word_1_320' title='bbox 922 3501 967 3551; x_wconf 84' lang='grc'>125</span> <span class='ocrx_word' id='word_1_321' title='bbox 989 3499 1033 3551; x_wconf 88' lang='lat' dir='ltr'>Kr.</span> <span class='ocrx_word' id='word_1_322' title='bbox 1052 3506 1077 3548; x_wconf 88' lang='lat' dir='ltr'>et</span> <span class='ocrx_word' id='word_1_323' title='bbox 1099 3500 1139 3560; x_wconf 88' lang='grc'>24,</span> <span class='ocrx_word' id='word_1_324' title='bbox 1160 3504 1180 3559; x_wconf 92' lang='lat' dir='ltr'>l,</span> <span class='ocrx_word' id='word_1_325' title='bbox 1203 3516 1227 3564; x_wconf 89' lang='lat' dir='ltr'>p.</span> <span class='ocrx_word' id='word_1_326' title='bbox 1248 3502 1297 3554; x_wconf 88' lang='lat'>163</span> 
     </span>
     <span class='ocr_line' id='line_1_34' title="bbox 128 3568 1295 3647; baseline 0.005 -18"><span class='ocrx_word' id='word_1_327' title='bbox 128 3581 173 3632; x_wconf 84' lang='lat' dir='ltr'>Kr.</span> <span class='ocrx_word' id='word_1_328' title='bbox 209 3580 327 3631; x_wconf 86' lang='lat' dir='ltr'>Ceterum</span> <span class='ocrx_word' id='word_1_329' title='bbox 354 3568 440 3641; x_wconf 80' lang='grc' dir='ltr'><strong><em>τύπος</em></strong></span> <span class='ocrx_word' id='word_1_330' title='bbox 465 3583 540 3632; x_wconf 84' lang='lat' dir='ltr'>etiam</span> <span class='ocrx_word' id='word_1_331' title='bbox 557 3584 623 3646; x_wconf 85' lang='lat' dir='ltr'>apud</span> <span class='ocrx_word' id='word_1_332' title='bbox 642 3583 780 3634; x_wconf 83' lang='lat' dir='ltr'>Caecilium</span> <span class='ocrx_word' id='word_1_333' title='bbox 797 3582 889 3645; x_wconf 82' lang='lat' dir='ltr'>legitur</span> <span class='ocrx_word' id='word_1_334' title='bbox 906 3581 947 3647; x_wconf 81' lang='lat' dir='ltr'>(sn.</span> <span class='ocrx_word' id='word_1_335' title='bbox 973 3585 1002 3635; x_wconf 87' lang='lat'>18</span> <span class='ocrx_word' id='word_1_336' title='bbox 1026 3583 1065 3633; x_wconf 90' lang='lat' dir='ltr'>ed.</span> <span class='ocrx_word' id='word_1_337' title='bbox 1082 3582 1295 3635; x_wconf 87' lang='lat' dir='ltr'>Burckhardtius:</span> 
     </span>
     <span class='ocr_line' id='line_1_35' title="bbox 129 3654 1296 3742; baseline 0.005 -24"><span class='ocrx_word' id='word_1_338' title='bbox 129 3654 145 3734; x_wconf 78' lang='grc' dir='ltr'><strong><em>ἦ</em></strong></span> <span class='ocrx_word' id='word_1_339' title='bbox 168 3656 215 3734; x_wconf 81' lang='grc' dir='ltr'><strong><em>τῆς</em></strong></span> <span class='ocrx_word' id='word_1_340' title='bbox 238 3663 408 3732; x_wconf 74' lang='grc' dir='ltr'><strong><em>συνθέσεως</em></strong></span> <span class='ocrx_word' id='word_1_341' title='bbox 433 3655 563 3740; x_wconf 81' lang='grc' dir='ltr'><strong><em>ἁρμονία</em></strong></span> <span class='ocrx_word' id='word_1_342' title='bbox 591 3658 665 3719; x_wconf 75' lang='grc' dir='ltr'><strong><em>πολὺ</em></strong></span> <span class='ocrx_word' id='word_1_343' title='bbox 689 3656 737 3720; x_wconf 85' lang='grc' dir='ltr'>τόν</span> <span class='ocrx_word' id='word_1_344' title='bbox 758 3655 988 3738; x_wconf 71' lang='grc' dir='ltr'><strong><em>Δημοσθενικδν</em></strong></span> <span class='ocrx_word' id='word_1_345' title='bbox 1014 3665 1174 3742; x_wconf 72' lang='grc' dir='ltr'><strong><em>πεφευγυῖα</em></strong></span> <span class='ocrx_word' id='word_1_346' title='bbox 1199 3660 1296 3724; x_wconf 78' lang='grc' dir='ltr'><strong><em>τόπον.</em></strong></span> 
     </span>
    </p>
   </div>
   <div class='ocr_carea' id='block_1_5' title="bbox 129 3750 1297 3924">
    <p class='ocr_par' dir='ltr' id='par_1_6' title="bbox 129 3750 1297 3924">
     <span class='ocr_line' id='line_1_36' title="bbox 227 3750 1296 3843; baseline 0.007 -20"><span class='ocrx_word' id='word_1_347' title='bbox 227 3774 250 3837; x_wconf 81' lang='lat'>⁸)</span> <span class='ocrx_word' id='word_1_348' title='bbox 279 3774 419 3839; x_wconf 86' lang='lat' dir='ltr'>Compositi</span> <span class='ocrx_word' id='word_1_349' title='bbox 448 3750 604 3820; x_wconf 70' lang='lat' dir='ltr'>drarbnoiv</span> <span class='ocrx_word' id='word_1_350' title='bbox 630 3776 828 3840; x_wconf 84' lang='lat' dir='ltr'>metaphoricam</span> <span class='ocrx_word' id='word_1_351' title='bbox 858 3779 983 3828; x_wconf 85' lang='lat' dir='ltr'>cernimus</span> <span class='ocrx_word' id='word_1_352' title='bbox 1011 3779 1220 3843; x_wconf 85' lang='lat' dir='ltr'>significationem</span> <span class='ocrx_word' id='word_1_353' title='bbox 1248 3785 1296 3830; x_wconf 88' lang='lat' dir='ltr'>art.</span> 
     </span>
     <span class='ocr_line' id='line_1_37' title="bbox 129 3839 1297 3924; baseline 0.004 -21"><span class='ocrx_word' id='word_1_354' title='bbox 129 3855 192 3906; x_wconf 91' lang='lat' dir='ltr'>rhet.</span> <span class='ocrx_word' id='word_1_355' title='bbox 218 3856 242 3904; x_wconf 92' lang='lat' dir='ltr'>Il</span> <span class='ocrx_word' id='word_1_356' title='bbox 264 3857 421 3920; x_wconf 79' lang='lat' dir='ltr'>blegentes:</span> <span class='ocrx_word' id='word_1_357' title='bbox 447 3842 507 3904; x_wconf 79' lang='grc' dir='ltr'><strong><em>εἶτα</em></strong></span> <span class='ocrx_word' id='word_1_358' title='bbox 536 3842 729 3905; x_wconf 79' lang='grc' dir='ltr'><strong><em>διατυπωνέον</em></strong></span> <span class='ocrx_word' id='word_1_359' title='bbox 753 3839 847 3924; x_wconf 83' lang='grc' dir='ltr'><strong><em>λόγῳ.</em></strong></span> <span class='ocrx_word' id='word_1_360' title='bbox 886 3862 975 3924; x_wconf 83' lang='lat' dir='ltr'>Neque</span> <span class='ocrx_word' id='word_1_361' title='bbox 1001 3861 1166 3910; x_wconf 84' lang='lat' dir='ltr'>omittendum</span> <span class='ocrx_word' id='word_1_362' title='bbox 1194 3861 1297 3909; x_wconf 88' lang='lat' dir='ltr'>uidetur</span> 
     </span>
    </p>
   </div>
   <div class='ocr_carea' id='block_1_6' title="bbox 128 3924 1296 4460">
    <p class='ocr_par' dir='ltr' id='par_1_7' title="bbox 128 3924 1296 4460">
     <span class='ocr_line' id='line_1_38' title="bbox 129 3924 1296 4010; baseline 0.005 -24"><span class='ocrx_word' id='word_1_363' title='bbox 129 3939 312 3989; x_wconf 83' lang='lat' dir='ltr'>substantiuum</span> <span class='ocrx_word' id='word_1_364' title='bbox 330 3924 516 4002; x_wconf 82' lang='grc' dir='ltr'><strong><em>διαϊόπωσις,</em></strong></span> <span class='ocrx_word' id='word_1_365' title='bbox 533 3942 600 4006; x_wconf 87' lang='lat' dir='ltr'>quod</span> <span class='ocrx_word' id='word_1_366' title='bbox 627 3942 752 3993; x_wconf 83' lang='lat' dir='ltr'>Caecilius</span> <span class='ocrx_word' id='word_1_367' title='bbox 769 3945 871 3994; x_wconf 86' lang='lat' dir='ltr'>Tiberio</span> <span class='ocrx_word' id='word_1_368' title='bbox 895 3942 928 4010; x_wconf 88' lang='lat' dir='ltr'>(c.</span> <span class='ocrx_word' id='word_1_369' title='bbox 945 3944 988 4006; x_wconf 84' lang='grc'><strong>43)</strong></span> <span class='ocrx_word' id='word_1_370' title='bbox 1014 3945 1115 4007; x_wconf 89' lang='lat' dir='ltr'>quidem</span> <span class='ocrx_word' id='word_1_371' title='bbox 1141 3951 1244 3992; x_wconf 86' lang='lat' dir='ltr'>auctore</span> <span class='ocrx_word' id='word_1_372' title='bbox 1267 3945 1296 3992; x_wconf 93' lang='lat' dir='ltr'>in</span> 
     </span>
     <span class='ocr_line' id='line_1_39' title="bbox 129 4008 1296 4091; baseline 0.001 -21"><span class='ocrx_word' id='word_1_373' title='bbox 129 4037 234 4071; x_wconf 88' lang='lat' dir='ltr'>numero</span> <span class='ocrx_word' id='word_1_374' title='bbox 253 4023 323 4071; x_wconf 87' lang='lat' dir='ltr'>duxit</span> <span class='ocrx_word' id='word_1_375' title='bbox 347 4008 403 4070; x_wconf 81' lang='grc' dir='ltr'><strong><em>τεόν</em></strong></span> <span class='ocrx_word' id='word_1_376' title='bbox 432 4009 479 4085; x_wconf 79' lang='grc' dir='ltr'><strong><em>τῆς</em></strong></span> <span class='ocrx_word' id='word_1_377' title='bbox 506 4010 640 4084; x_wconf 80' lang='grc' dir='ltr'><strong><em>διανοίας</em></strong></span> <span class='ocrx_word' id='word_1_378' title='bbox 669 4012 837 4091; x_wconf 73' lang='grc' dir='ltr'><strong><em>σγημότωνε</em></strong></span> <span class='ocrx_word' id='word_1_379' title='bbox 869 4009 884 4087; x_wconf 83' lang='grc' dir='ltr'><em>ἡ</em></span> <span class='ocrx_word' id='word_1_380' title='bbox 913 4009 947 4073; x_wconf 78' lang='grc' dir='ltr'>δὲ</span> <span class='ocrx_word' id='word_1_381' title='bbox 968 4010 1143 4084; x_wconf 80' lang='grc' dir='ltr'><strong><em>διατόπωσις</em></strong></span> <span class='ocrx_word' id='word_1_382' title='bbox 1173 4009 1296 4089; x_wconf 73' lang='grc' dir='ltr'><strong><em>ὁτὲμὲν</em></strong></span> 
     </span>
     <span class='ocr_line' id='line_1_40' title="bbox 128 4093 1294 4186; baseline 0.006 -29"><span class='ocrx_word' id='word_1_383' title='bbox 128 4093 344 4178; x_wconf 72' lang='grc' dir='ltr'><strong><em>ὑπομιμνήσκει</em></strong></span> <span class='ocrx_word' id='word_1_384' title='bbox 365 4099 422 4161; x_wconf 77' lang='grc' dir='ltr'>των</span> <span class='ocrx_word' id='word_1_385' title='bbox 441 4109 640 4181; x_wconf 72' lang='grc' dir='ltr'><strong><em>γεγενημένων</em></strong></span> <span class='ocrx_word' id='word_1_386' title='bbox 663 4102 816 4184; x_wconf 68' lang='grc' dir='ltr'><strong><em>ἐνεργειῶν</em></strong></span> <span class='ocrx_word' id='word_1_387' title='bbox 840 4109 890 4164; x_wconf 78' lang='grc' dir='ltr'><strong><em>καλ</em></strong></span> <span class='ocrx_word' id='word_1_388' title='bbox 911 4099 1043 4165; x_wconf 73' lang='grc' dir='ltr'><strong><em>ἑκάστων</em></strong></span> <span class='ocrx_word' id='word_1_389' title='bbox 1064 4103 1294 4186; x_wconf 74' lang='grc' dir='ltr'><strong><em>ἐξαριθμουμέ-</em></strong></span> 
     </span>
     <span class='ocr_line' id='line_1_41' title="bbox 128 4189 1295 4276; baseline 0.003 -24"><span class='ocrx_word' id='word_1_390' title='bbox 128 4213 188 4252; x_wconf 90' lang='grc' dir='ltr'>νων</span> <span class='ocrx_word' id='word_1_391' title='bbox 208 4190 264 4253; x_wconf 76' lang='grc' dir='ltr'>τῶν</span> <span class='ocrx_word' id='word_1_392' title='bbox 283 4191 453 4276; x_wconf 79' lang='grc' dir='ltr'><strong><em>μερῶν...</em></strong></span> <span class='ocrx_word' id='word_1_393' title='bbox 475 4202 525 4255; x_wconf 74' lang='grc' dir='ltr'><strong><em>καλ</em></strong></span> <span class='ocrx_word' id='word_1_394' title='bbox 544 4191 637 4257; x_wconf 79' lang='grc' dir='ltr'><strong><em>πόλιν</em></strong></span> <span class='ocrx_word' id='word_1_395' title='bbox 657 4193 673 4272; x_wconf 80' lang='grc' dir='ltr'><em>ἦ</em></span> <span class='ocrx_word' id='word_1_396' title='bbox 696 4189 878 4270; x_wconf 85' lang='grc' dir='ltr'><strong><em>διαιόπωσις</em></strong></span> <span class='ocrx_word' id='word_1_397' title='bbox 900 4191 947 4257; x_wconf 80' lang='grc' dir='ltr'>ἐπὶ</span> <span class='ocrx_word' id='word_1_398' title='bbox 973 4195 1020 4274; x_wconf 70' lang='grc' dir='ltr'>τὴν</span> <span class='ocrx_word' id='word_1_399' title='bbox 1041 4199 1119 4258; x_wconf 77' lang='grc' dir='ltr'><strong><em>θέαν</em></strong></span> <span class='ocrx_word' id='word_1_400' title='bbox 1148 4194 1212 4273; x_wconf 84' lang='grc' dir='ltr'><strong><em>όγει</em></strong></span> <span class='ocrx_word' id='word_1_401' title='bbox 1232 4195 1295 4257; x_wconf 78' lang='grc' dir='ltr'>τῶν</span> 
     </span>
     <span class='ocr_line' id='line_1_42' title="bbox 129 4281 1293 4369; baseline 0.003 -26"><span class='ocrx_word' id='word_1_402' title='bbox 129 4281 180 4363; x_wconf 79' lang='grc' dir='ltr'>οὐχ</span> <span class='ocrx_word' id='word_1_403' title='bbox 202 4283 380 4367; x_wconf 77' lang='grc' dir='ltr'><strong><em>ἑωραμένων</em></strong></span> <span class='ocrx_word' id='word_1_404' title='bbox 395 4333 403 4348; x_wconf 93' lang='grc'><strong>.</strong></span> <span class='ocrx_word' id='word_1_405' title='bbox 418 4332 450 4348; x_wconf 91' lang='grc'>..</span> <span class='ocrx_word' id='word_1_406' title='bbox 479 4295 574 4369; x_wconf 79' lang='grc' dir='ltr'><strong><em>τρίτος</em></strong></span> <span class='ocrx_word' id='word_1_407' title='bbox 599 4283 671 4368; x_wconf 88' lang='grc' dir='ltr'><strong><em>όρος</em></strong></span> <span class='ocrx_word' id='word_1_408' title='bbox 692 4283 910 4364; x_wconf 81' lang='grc' dir='ltr'><strong><em>διαευπιόσεως,</em></strong></span> <span class='ocrx_word' id='word_1_409' title='bbox 932 4284 1000 4350; x_wconf 83' lang='grc' dir='ltr'><strong><em>όταν</em></strong></span> <span class='ocrx_word' id='word_1_410' title='bbox 1027 4288 1060 4349; x_wconf 80' lang='grc' dir='ltr'>τό</span> <span class='ocrx_word' id='word_1_411' title='bbox 1085 4287 1126 4366; x_wconf 79' lang='grc' dir='ltr'><strong><em>μὴ</em></strong></span> <span class='ocrx_word' id='word_1_412' title='bbox 1153 4289 1293 4366; x_wconf 83' lang='grc' dir='ltr'><strong><em>γεγονότα</em></strong></span> 
     </span>
     <span class='ocr_line' id='line_1_43' title="bbox 130 4371 1294 4460; baseline 0.006 -26"><span class='ocrx_word' id='word_1_413' title='bbox 130 4371 358 4456; x_wconf 77' lang='grc' dir='ltr'><strong><em>δυσωπούμενοι</em></strong></span> <span class='ocrx_word' id='word_1_414' title='bbox 378 4373 544 4457; x_wconf 82' lang='grc' dir='ltr'><strong><em>είςόγωμεν</em></strong></span> <span class='ocrx_word' id='word_1_415' title='bbox 564 4377 789 4454; x_wconf 75' lang='grc' dir='ltr'><strong><em>καθ’όπόδεσιν,</em></strong></span> <span class='ocrx_word' id='word_1_416' title='bbox 812 4375 876 4442; x_wconf 86' lang='grc' dir='ltr'><strong><em>οίον</em></strong></span> <span class='ocrx_word' id='word_1_417' title='bbox 896 4388 922 4442; x_wconf 83' lang='grc' dir='ltr'>τί</span> <span class='ocrx_word' id='word_1_418' title='bbox 947 4378 983 4444; x_wconf 77' lang='grc' dir='ltr'>ἄν</span> <span class='ocrx_word' id='word_1_419' title='bbox 1003 4376 1115 4460; x_wconf 72' lang='grc' dir='ltr'><strong><em>ἐγένετο</em></strong></span> <span class='ocrx_word' id='word_1_420' title='bbox 1141 4387 1190 4441; x_wconf 73' lang='grc' dir='ltr'><strong><em>καί</em></strong></span> <span class='ocrx_word' id='word_1_421' title='bbox 1210 4389 1237 4443; x_wconf 82' lang='grc' dir='ltr'>τί</span> <span class='ocrx_word' id='word_1_422' title='bbox 1258 4376 1294 4441; x_wconf 83' lang='grc' dir='ltr'>όν</span> 
     </span>
    </p>
   </div>
   <div class='ocr_carea' id='block_1_7' title="bbox 111 4463 657 4562">
    <p class='ocr_par' dir='ltr' id='par_1_8' title="bbox 111 4463 657 4562">
     <span class='ocr_line' id='line_1_44' title="bbox 111 4463 657 4562; baseline 0.035 -41"><span class='ocrx_word' id='word_1_423' title='bbox 111 4463 259 4546; x_wconf 56' lang='lat' dir='ltr'>alapam</span> <span class='ocrx_word' id='word_1_424' title='bbox 279 4467 325 4546; x_wconf 77' lang='grc' dir='ltr'>αἱς</span> <span class='ocrx_word' id='word_1_425' title='bbox 344 4469 430 4535; x_wconf 69' lang='lat' dir='ltr'>derra)</span> <span class='ocrx_word' id='word_1_426' title='bbox 450 4479 503 4537; x_wconf 79' lang='grc' dir='ltr'><strong><em>καὶ</em></strong></span> <span class='ocrx_word' id='word_1_427' title='bbox 523 4475 657 4562; x_wconf 78' lang='grc' dir='ltr'><strong><em>φοβερά.</em></strong></span> 
     </span>
    </p>
   </div>
   <div class='ocr_carea' id='block_1_8' title="bbox 0 0 1426 4806">
    <p class='ocr_par' dir='ltr' id='par_1_9' title="bbox 0 0 1426 4806">
     <span class='ocr_line' id='line_1_45' title="bbox 0 0 1426 4806; baseline 0 0"><span class='ocrx_word' id='word_1_428' title='bbox 0 0 1426 4806; x_wconf 95' lang='lat' dir='ltr'> </span> 
     </span>
    </p>
   </div>
  </div>
 </body>
</html>
