2842 4806
707 154 749 216 24

624 240 835 249 ——-—-—-

143 359 369 444 primigeniam’
400 359 517 443 (auu),
548 354 649 441 ‘quasi
684 353 783 449 ἀρχήν
816 363 874 424 τοῦ
906 360 1021 438 τύπου,
1056 368 1091 424 ut
1120 361 1315 446 principium

144 460 249 526 τύπου
268 462 451 546 appelletur,
470 474 563 547 typus
584 460 671 525 initio
692 463 792 526 factus
813 470 844 526 et
864 462 1002 526 omnium
1023 455 1150 548 primus'
1166 461 1316 548 (Steph.l.

145 562 243 627 Cuius
258 563 396 648 primarii
418 564 504 626 uocis
524 582 632 625 sensus
647 550 807 647 complura
824 563 946 628 adferre
961 563 1037 627 mihi
1057 563 1148 628 liceat
1167 564 1317 649 exempla

144 663 1317 752 exLucianisc'riptisdepromptaJsicZeux.3leguutur:ripgalabrograrirng

145 760 345 852 ἀντίγραφός
377 764 446 830 ἐστι
475 766 527 828 νόν
546 757 700 852 Ἀθήνησι
721 762 805 851 πρὸς
836 759 934 853 ούτήν
962 764 1079 851 ἐκείνην
1110 760 1241 852 ἀκριβεῖ
1272 769 1314 854 τῇ

146 866 280 952 στάθμῃ
297 870 547 952 μετενηνεγμένη·
569 862 607 930 τὸ
630 860 810 951 ἀρχέτυπον
831 867 867 933 δὲ
883 863 963 932 αύτό
984 868 1109 948 Σύλλας
1130 865 1315 953 ἐλέγετο...

144 968 191 1046 εἷς
211 963 347 1033 Ἰταλίαν
368 971 596 1054 πεπομφέναις
617 988 652 1032 π.
675 971 733 1031 τού
756 967 845 1034 οἴκου
867 973 922 1034 23:
949 967 1021 1056 ἐξής
1052 967 1088 1034 δὲ
1108 965 1192 1050 μετὰ
1217 967 1316 1056 τήνδε

144 1069 201 1157 τήν
231 1068 337 1134 είκόνα
359 1067 467 1153 έτερον
500 1068 610 1154 δρᾶμα
630 1073 810 1153 γέγραπται
838 1069 1053 1148 δικαιότατον,
1084 1061 1122 1133 οὗ
1149 1065 1188 1133 τὸ
1216 1062 1316 1155 ἀρχέ-

144 1169 246 1235 τύπον
278 1166 294 1234 ό
328 1165 471 1256 γραφεύς
501 1172 580 1255 παρ’
608 1163 800 1254 Εύρυπίδου
834 1167 854 1260 ή
889 1170 1094 1258 Σοφοκλέους
1128 1169 1220 1235 δοκεῖ
1253 1195 1316 1254 μοι

144 1273 269 1355 λαβεῖν;
292 1271 384 1336 Alex.
400 1273 456 1334 21:
479 1265 639 1336 ἀνετύπου
655 1265 767 1354 ὥσπερ
790 1270 823 1336 ἐκ
837 1273 937 1337 λίθου
951 1268 1007 1359 τήν
1029 1265 1126 1358 αύτήν
1141 1272 1316 1357 σφραγῖδα

145 1364 181 1438 εὖ
202 1371 292 1454 μάλα
314 1374 361 1456 τῷ
384 1365 554 1458 ἀρχετύπῳ
577 1374 729 1450 ἕοικυῖαν;
756 1372 860 1436 Prom.
883 1377 918 1439 3:
940 1371 978 1440 τό
999 1368 1186 1458 καινουργὸν
1210 1377 1315 1442 τοῦτο

144 1472 284 1539 ἐπαινῶν
305 1474 360 1537 καὶ
380 1471 424 1560 μή
446 1471 531 1559 πρός
552 1499 584 1538 τι
607 1468 686 1538 ἀλλο
702 1469 882 1561 ἀρχέτυπον
902 1481 1136 1561 μεμιμημένον;
1156 1476 1255 1562 imag.
1278 1482 1314 1544 3:

143 1572 204 1659 ἐγώ
228 1575 263 1639 δὲ
285 1575 488 1656 λυμανοῦμαι
508 1571 547 1639 τὸ
570 1568 750 1656 ἀρχέτυπον
772 1570 930 1662 ἀσθενείᾳ
951 1580 1006 1666 τής
1028 1581 1143 1662 τέχνης.
1185 1575 1314 1643 Uocem

143 1677 270 1740 omnino
292 1676 330 1739 de
353 1674 496 1739 omnibus
517 1675 633 1739 artibus
655 1676 715 1738 dici
736 1697 839 1759 neque
853 1677 988 1763 primum
1010 1677 1075 1741 eius
1096 1688 1126 1741 et
1146 1681 1314 1764 proprium

142 1799 231 1840 usum
253 1778 286 1840 in
308 1775 494 1860 imaginibus
517 1797 592 1851 esse,
614 1775 699 1858 quod
718 1774 896 1860 Stephanus
917 1778 1017 1854 docet,
1032 1779 1251 1862 cognoscimus
1271 1779 1313 1846 de

142 1878 217 1944 Din.
241 1883 268 1955 7,
290 1899 319 1962 p.
341 1881 411 1953 644,
429 1881 464 1941 11
488 1898 532 1960 sq.
554 1877 603 1954 R,
635 1875 688 1941 ubi
717 1878 793 1942 haec
820 1879 963 1964 Dionysii
996 1890 1068 1943 sunt
1092 1880 1202 1946 uerba:
1222 1885 1313 1947 πᾶσι

142 1990 213 2056 τοῖς
242 1972 437 2063 ἀρχετύποις
466 1971 631 2064 αύτοφυής
656 2003 706 2056 τις
732 1976 909 2065 ἐπιπρέπει
931 1979 1028 2066 χάρις
1053 1983 1108 2045 καὶ
1138 1975 1216 2065 ἀέρα·
1238 1994 1313 2062 τοῖς

144 2074 239 2144 δ’ἀπό
255 2079 378 2144 τούτιυν
389 2085 694 2162 κατεσκευασμένοις
715 2076 772 2166 κᾷν
791 2076 841 2147 ἐπ’
861 2075 957 2164 ἀκρον
975 2081 1143 2170 μιμήσεως
1154 2082 1311 2164 btuuro,

141 2180 298 2263 πρόςεστι
320 2174 408 2263 ὅμως
429 2177 466 2244 τό
489 2178 771 2267 ἐπιτετηδευμένον
791 2185 845 2248 καὶ
868 2177 924 2248 ούκ
949 2181 982 2248 ἐκ
1004 2182 1134 2270 φύσεως
1154 2179 1312 2270 ὑπάρχον·

142 2284 196 2346 καὶ
217 2279 322 2366 τούτῳ
351 2283 397 2365 τῷ
427 2283 674 2366 παραγγέλματι
704 2277 740 2347 ού
773 2284 907 2371 ῥήτορες
935 2283 1032 2366 μόνον
1062 2284 1203 2372 ῥήτορας
1235 2286 1312 2351 δια·
1357 2331 1361 2338 ·

141 2386 311 2468 κρίνουσιν,
348 2376 431 2445 ἀλλά
462 2383 517 2445 καί
547 2381 718 2471 ξιυγρόφοι
752 2383 794 2449 τὰ
815 2380 969 2451 τ’ίπελλού
1004 2387 1056 2450 καί
1093 2388 1157 2450 τῶν
1192 2385 1312 2453 ἐκεῖνον

140 2488 369 2570 μιμησαμένων
390 2485 444 2548 καὶ
465 2481 613 2550 πλάσται
633 2482 675 2549 τὰ
696 2487 911 2551 Πολυκλείτου
932 2488 986 2551 καὶ
1009 2487 1142 2574 γλυφεῖς
1166 2484 1208 2551 τό
1233 2496 1311 2554 Φει-

143 2585 224 2651 δίου.
266 2585 416 2669 Figurata
437 2585 580 2650 uocabuli
601 2586 785 2671 significatio
807 2586 907 2651 elucet
933 2587 971 2651 de
994 2586 1082 2651 lsaeo
1104 2590 1154 2665 20,
1184 2611 1215 2674 p.
1237 2593 1309 2670 628,

143 2693 161 2751 7
184 2686 236 2753 R:
260 2680 371 2771 ὥσπερ
392 2679 571 2771 ἀρχέτυπον
594 2684 710 2751 ἐκεῖνον
738 2684 794 2751 τόν
819 2681 921 2774 ἀνδρα
947 2692 1001 2772 (ευ.
1022 2690 1161 2771 Λυσίαν)
1189 2689 1311 2779 ταύτης

142 2790 200 2875 τής
221 2792 446 2873 προαιρέσεως
466 2791 529 2850 τῶν
550 2785 653 2870 λόγοιν
675 2785 877 2875 ἐποιησάμην
891 2788 1022 2873 κανόνα;
1044 2791 1063 2857 l.
1080 2811 1104 2857 ο.
1128 2795 1176 2868 11,
1191 2814 1221 2877 p.
1237 2796 1309 2872 604,

143 2893 161 2953 8
193 2888 246 2953 R:
289 2893 339 2966 τίς
375 2882 431 2952 ούκ
467 2882 505 2952 ἀν
540 2883 751 2975 ὁμολογήσειε
785 2887 840 2954 τόν
879 2891 936 2972 μὲν
969 2894 1095 2954 Λυσίου
1128 2885 1217 2956 ‘rtur’
1254 2896 1309 2959 καὶ

139 2984 294 3076 ίἰδιιότηά
319 3037 326 3053 .
349 3037 388 3054 ..
416 2983 595 3073 ἀρχέτυπόν
622 3013 695 3053 τινα
722 2983 805 3055 εἶναι
838 2994 895 3079 τής
922 2986 1083 3076 ἀληθείας
1108 2991 1309 3079 διαφέροντα

143 3094 260 3178 ἐκείνης
282 3085 466 3156 ούδότιοῖνν·
483 3089 539 3155 τόν
559 3091 666 3178 ἕτερον
688 3091 724 3157 δέ
746 3086 940 3181 ἀπόγραφόν
960 3117 1031 3157 τινα
1052 3096 1106 3158 καί
1128 3087 1166 3157 ού
1181 3095 1310 3160 λανθά-

142 3217 246 3270 νοντα,
271 3187 322 3258 ότι
343 3192 532 3256 πέπλασται
554 3193 705 3279 ῥητορικῇ
728 3197 830 3278 τέχνη;
857 3193 895 3257 de
918 3195 992 3258 Din.
1016 3197 1044 3270 6,
1066 3215 1097 3278 p.
1119 3198 1190 3272 642,
1212 3199 1232 3262 9
1253 3196 1308 3264 R.:

142 3292 227 3358 πολύ
248 3291 310 3379 γὰρ
342 3296 492 3379 ἐμφαίνει
517 3292 670 3380 μιμήσεις
695 3318 731 3359 τε
759 3296 813 3358 καί
842 3287 950 3371 οιύτός,
977 3289 1089 3378 ὥσπερ
1115 3297 1179 3359 τῶν
1204 3293 1308 3380 λόγων

144 3389 323 3480 ἀρχέτυπον
345 3393 515 3481 διαφόρων
541 3396 596 3479 (ευ.
623 3397 821 3481 Δείναρχος).
864 3394 918 3458 Ad
944 3394 1003 3459 hoc
1025 3387 1204 3480 ἀρχέτυπον
1229 3395 1308 3460 illud

143 3517 268 3580 quoque
290 3507 429 3581 spectare
450 3496 581 3571 uidetur,
598 3495 682 3579 quod
703 3495 818 3581 legitur
839 3495 905 3560 Cic.
920 3516 964 3560 or.
985 3500 1018 3563 3:
1036 3491 1150 3579 ‘neque
1172 3495 1307 3581 denique

143 3618 209 3660 esse
230 3597 262 3660 in
283 3596 347 3660 ullo
368 3618 482 3682 genere
504 3597 675 3681 quidquam
696 3607 760 3661 tam
779 3596 954 3681 pulchrum,
978 3619 1041 3682 quo
1062 3619 1125 3662 non
1147 3597 1308 3683 pulchrius

142 3697 174 3761 id
196 3698 243 3774 sit,
266 3697 349 3762 unde
370 3698 446 3762 illud
468 3690 678 3783 exprimatur’.

687 3925 762 4006 §a

243 4079 308 4145 Sed
329 4079 402 4143 satis
424 4078 667 4144 demonstratum
682 4100 748 4143 esse
763 4079 936 4156 arbitratus,
951 4101 1031 4163 quae
1044 4080 1187 4145 uocabuli
1203 4079 1307 4160 τύπος

143 4180 271 4264 eiusque
294 4181 510 4246 'deriuatorum
541 4190 571 4245 et
601 4181 749 4266 primaria
780 4190 810 4245 et
835 4182 1044 4267 metaphorica
1076 4183 1114 4246 sit
1140 4183 1196 4259 uis,
1223 4204 1307 4248 nunc

143 4303 252 4346 uocem
271 4279 482 4370 χαρακτήρ
504 4282 699 4367 pertractabo
720 4282 802 4346 idem
822 4283 888 4346 fere
909 4283 1064 4347 ualentem
1086 4282 1170 4366 quod
1192 4282 1305 4362 τύπος,

139 4404 212 4444 cum
228 4383 374 4466 genuino
393 4405 486 4448 sensu
508 4383 660 4470 significet
679 4378 797 4449 ‘notam
825 4383 1016 4469 impressam,
1041 4383 1237 4467 insculptam,
1258 4386 1307 4448 iu-

112 4481 278 4563 scriptam,
303 4493 340 4549 ut
364 4486 468 4573 signa,
502 4509 587 4575 quae
617 4487 757 4555 nummis
786 4485 890 4552 aureis
915 4483 1117 4569 argentonus
1142 4483 1326 4543 ananensis
