2842 4806
726 191 767 254 36

643 278 855 286 ———--

163 400 220 462 τοῦ
244 400 371 485 σαφοῦς
389 400 535 480 χαλεποῦ
557 397 831 484 τοῦπράγματος
853 392 945 474 όντος
966 395 1063 483 φύσει
1085 393 1123 461 τό
1145 407 1338 480 συναγαγεῖν

164 492 264 585 άμφω
298 501 402 563 ταῦτα
434 501 489 564 καὶ
509 497 647 585 κεράσαι
678 505 820 586 μετρίως
851 499 890 564 de
917 499 993 583 Lys.
1028 503 1061 574 4,
1089 521 1118 582 p.
1149 501 1220 574 462,
1243 502 1264 562 4
1286 497 1336 575 R,

163 595 294 681 άμεινον
315 599 515 686 κεράσαντας
536 597 612 678 τοός
632 600 747 683 λόγους
768 602 807 666 (le
829 624 853 668 c.
874 623 905 673 n.
922 604 972 676 24,
994 622 1023 684 p.
1048 605 1110 666 374
1124 599 1208 682 sch„
1231 594 1339 682 (tem-

165 723 274 786 perare
297 702 477 777 orationem,
504 711 537 764 ut
565 721 604 764 ex
635 703 785 766 uniuersis
815 701 1041 768 characteribus
1068 700 1186 784 aliquid
1212 692 1337 764 habeat'

161 801 267 885 Era),
303 801 341 867 τό
384 802 419 868 δὲ
459 807 648 888 κεκραμένον
681 805 735 868 καὶ
776 798 990 868 παντοδαπόν
1022 799 1173 866 ἐπιτάσει
1208 825 1244 866 τε
1281 803 1339 865 καὶ

160 904 338 970 ἀνέσει...
359 897 611 990 ὑπερβεβηκέναι
635 905 818 984 (isocratem
839 903 1053 987 Hieronymus
1075 902 1162 980 dicit}
1184 902 1222 965 de
1239 901 1339 965 lsoor.

163 1007 211 1081 13,
233 1027 262 1088 p.
284 1007 355 1079 560,
381 1008 420 1069 14
441 1004 494 1083 R,
516 999 693 1092 ἡμιφώνων
713 1030 748 1071 τε
775 1003 975 1092 γραμμάτων
997 1004 1184 1085 συμπλοκαὶ
1205 1004 1271 1066 τιῦν
1292 1000 1339 1091 μή

161 1103 355 1189 πεφυκότων
385 1100 537 1194 ἀλλήλοις
568 1105 784 1192 κεράννυσθαι
815 1107 853 1170 de
884 1127 910 1172 c.
941 1127 970 1172 u.
1003 1109 1052 1182 23,
1081 1127 1113 1190 p.
1142 1107 1203 1170 356
1232 1103 1340 1187 Sch.¹)

161 1205 329 1269 Adiectiuo
357 1200 543 1290 εόκρατος
569 1207 743 1292 Dionysius
769 1207 865 1271 utitur
886 1205 924 1269 de
951 1206 983 1269 ui
1007 1206 1098 1272 Dem.
1119 1210 1149 1282 3,
1170 1227 1200 1290 p.
1223 1207 1297 1282 962,
1320 1209 1343 1270 4

161 1305 213 1371 R:
247 1306 382 1392 τοιαότη
409 1309 466 1389 μὲν
496 1298 550 1372 σόν
581 1333 632 1386 τις
658 1303 677 1396 ή
708 1305 951 1394 θρασυμάχειος
979 1305 1129 1393 ἑρμηνεία
1154 1311 1237 1391 μέση
1267 1318 1342 1371 τοῖν

165 1406 255 1471 δυοῖν
276 1409 330 1473 καὶ
353 1402 507 1492 εόκρατος
527 1411 581 1474 καὶ
604 1409 652 1486 εἷς
673 1403 910 1496 άμφοτέρουςδ)
940 1404 1015 1484 τούς
1033 1409 1241 1494 χαρακτήρας
1262 1405 1343 1470 έπέ-

161 1531 274 1592 καιρον
306 1502 484 1597 άφετήριον
516 1521 547 1575 et
580 1505 794 1595 άκέραστος
828 1509 866 1573 de
898 1531 923 1572 c.
957 1531 986 1572 u.
1013 1512 1063 1586 22,
1095 1530 1125 1593 p.
1154 1510 1215 1572 332
1249 1505 1341 1574 Son:

164 1603 342 1693 άκέραστοέ
372 1634 408 1675 τε
440 1608 501 1696 γάρ
535 1611 570 1676 αἱ
603 1615 708 1700 φωναὶ
731 1614 788 1676 τοῦ
824 1635 860 1676 τε
893 1634 903 1674 ι
937 1611 990 1674 καὶ
1022 1611 1079 1673 τοῦ
1113 1637 1142 1687 α,
1172 1630 1243 1672 curn
1273 1630 1342 1671 uox

164 1712 304 1795 κρᾶσις
325 1712 496 1796 reperiatur
522 1711 560 1776 de
591 1735 616 1777 o.
639 1735 668 1778 n.
699 1717 745 1780 12.
767 1735 796 1796 p.
820 1715 879 1778 138
902 1710 986 1787 sch,
1017 1731 1110 1793 quem
1142 1709 1245 1773 locum
1275 1709 1342 1774 iam

163 1833 258 1896 supra
289 1811 514 1889 adnotauimus‚
548 1825 578 1878 ct
610 1812 649 1876 dc
681 1815 713 1877 ui
746 1813 906 1879 Demosth.
938 1815 988 1888 46,
1023 1833 1053 1895 p.
1089 1813 1178 1887 1098,
1209 1813 1249 1873 14
1283 1809 1340 1875 It:

165 1909 345 1997 διαφόρους
367 1907 448 1998 ᾤετο
472 1913 538 1978 δεῖν
556 1919 733 1980 ποιεῖσθαι
754 1911 814 1991 τάς
834 1912 966 2000 κράσεις
988 1914 1051 1977 τῶν
1072 1909 1103 1976 έν
1124 1913 1162 1997 τή
1180 1912 1341 1975 συνθέσει

162 2037 380 2100 χαρακτήρων.

715 2253 790 2333 τι.

267 2402 425 2486 Sequitur,
447 2413 481 2468 ut
503 2405 675 2489 disputetur
696 2404 735 2468 de
756 2404 915 2469 uocabulis
941 2402 980 2466 ad
1007 2402 1113 2466 lumen
1136 2411 1166 2465 et
1192 2400 1340 2465 umbram

166 2505 303 2588 picturae
326 2505 550 2589 pertinentibus
579 2506 629 2588 (cf.
652 2505 735 2572 Plin.
758 2527 805 2590 ep.
829 2505 890 2581 ΙΙΙ,
908 2508 960 2569 13:
987 2498 1073 2566 ‘nam
1095 2513 1129 2566 ut
1156 2503 1189 2566 in
1216 2501 1341 2588 pictura

166 2607 272 2668 lumen
296 2628 358 2669 non
381 2606 441 2670 alia
462 2628 511 2670 res
526 2609 625 2692 magis
640 2628 733 2690 qnam
755 2607 865 2671 umbra
879 2604 1086 2678 commendat,
1101 2604 1146 2667 ita
1166 2603 1341 2667 orationem

168 2715 230 2768 tam
253 2706 548 2791 submittere-quam
576 2708 715 2772 attollere
745 2701 867 2786 dcoet'),
891 2728 1023 2790 quorum
1055 2704 1234 2768 adnotanda
1267 2714 1342 2768 sunt

61 2870 64 2876 .
169 2809 269 2893 φιῦς,
300 2807 388 2872 cuius
417 2809 595 2892 primariam
624 2809 828 2894 perspicimus
849 2807 1106 2894 significationem
1135 2803 1173 2868 de
1197 2804 1289 2868 lsaeo
1310 2807 1338 2879 4,

168 2930 198 2992 p.
220 2911 290 2984 591,
314 2911 333 2972 9
355 2907 405 2974 R.:
435 2911 560 2995 γραφαὶ
591 2913 665 2995 σκιᾷ
694 2935 729 2976 τε
756 2911 810 2974 καὶ
833 2911 921 2996 φωτὶ
952 2906 1198 2988 ποικιλλόμεναι
1230 2914 1261 2967 et
1287 2902 1337 2970 Ps.

169 3009 272 3093 Long.
298 3012 345 3086 17,
366 3012 399 3073 2:
422 3007 478 3074 ἐπὶ
498 3007 560 3096 γάρ
583 3013 640 3075 τοῦ
658 3004 757 3076 αὐτοῦ
778 3014 928 3093 κειμένων
948 3007 1107 3074 ἐπιπέδου
1123 3004 1342 3092 παραλλήλων

170 3107 201 3174 ἒν
220 3107 372 3195 χρώμασι
393 3113 450 3198 τής
472 3115 566 3190 σκιᾶς
586 3137 621 3178 τε
642 3114 697 3177 καὶ
718 3116 775 3178 τοῦ
798 3110 910 3200 φιοτός
938 3112 1065 3193 eiusque
1086 3109 1220 3194 figurata
1241 3106 1345 3170 cerni-

169 3219 220 3273 tur
248 3211 286 3274 de
314 3210 412 3276 Thuo.
443 3215 471 3289 9,
500 3217 529 3289 4,
558 3236 588 3298 p.
615 3218 652 3278 81
676 3213 750 3279 Ka:
783 3210 832 3299 ἐφ’
867 3204 893 3298 ᾦ
921 3209 1104 3293 θαυμάζειν
1136 3203 1236 3288 άξιον,
1268 3210 1345 3284 πιῦς

171 3303 269 3374 αὐτόν
290 3308 417 3388 ἐ’λαδεν,
445 3307 496 3377 ότι
525 3315 654 3379 πολλῶν
682 3308 751 3398 άμα
776 3311 978 3399 πραγμάτιον
1006 3306 1089 3375 κατά
1118 3306 1261 3386 πολλοὺς
1283 3307 1346 3374 τό·

171 3435 255 3489 παυς
268 3417 438 3496 γινομένων
458 3413 505 3493 εἷς
524 3413 651 3499 μακράς
671 3415 1005 3499 κατακερματιζομένη
1028 3408 1131 3494 τομάς
1152 3405 1170 3498 ή
1193 3409 1346 3496 διήγησις

173 3507 229 3575 οόκ
251 3506 463 3600 ἀπολήψεται
478 3512 516 3578 τό
531 3518 685 3601 τηλαυγές
707 3519 778 3601 φῶς
800 3513 898 3580 έκεῖνο
920 3515 974 3578 καὶ
995 3513 1145 3598 καθαρόν
1168 3507 1296 3597 (lucem
1312 3523 1344 3575 et

172 3614 422 3697 perspicuitatem
444 3618 628 3680 narrationis
650 3617 799 3680 orientem
822 3615 904 3679 illam
928 3636 967 3678 ex
989 3624 1062 3699 apta
1083 3635 1186 3677 rerum
1209 3611 1347 3697 disposi-

172 3709 265 3776 tione'
289 3715 409 3801 Krueg.
430 3719 463 3780 in
485 3717 547 3781 ind.
571 3720 638 3801 stt),
666 3715 805 3794 σκότος
831 3711 894 3802 (‘de
921 3716 1067 3781 colores.
1090 3713 1200 3778 umbra
1220 3713 1252 3776 in
1275 3714 1347 3798 pic-

173 3825 242 3877 tura
263 3815 347 3899 apud
370 3816 458 3884 Eust.
478 3819 513 3885 ll.
535 3841 564 3904 p.
587 3821 656 3895 953,
679 3823 733 3884 51:
756 3820 948 3904 σημείωσαι,
973 3810 1025 3880 ότι
1051 3813 1133 3879 κατὰ
1155 3819 1347 3879 Παυσανίαν

174 3916 228 3979 καὶ
250 3912 309 3992 τάς
327 3921 453 4000 χρίσεις
468 3917 565 4005 σκότη
588 3917 720 3984 ἐκάλουν
743 3919 774 3984 οἱ
790 3915 967 4004 ζωγράφοι,
990 3910 1069 3981 ὅθεν
1090 3909 1347 3996 άπεσκοτωμένα

275 4107 296 4171 ¹)
316 4126 339 4161 u.
359 4111 389 4159 dc
407 4120 458 4163 uct.
476 4113 560 4176 script.
578 4127 598 4164 c.
616 4114 640 4172 5,
660 4116 681 4173 1,
698 4125 722 4176 p.
741 4112 802 4173 4393
819 4113 842 4172 5,
861 4113 884 4171 4,
902 4126 925 4174 p.
944 4113 1001 4170 494,
1021 4114 1030 4159 1
1051 4109 1081 4158 R.

275 4197 299 4258 ²)
317 4195 347 4246 cf.
366 4193 447 4244 Sadec
464 4195 480 4246 t.
500 4212 519 4247 c.
538 4213 561 4261 p.
580 4199 620 4248 51.

274 4281 297 4344 ⁸)
315 4279 491 4341 ‘Euidentiam
512 4296 618 4344 quares
636 4282 822 4344 gestasanimo
841 4278 1089 4343 comprehendimus,
1110 4274 1233 4338 iidtttrusse
1253 4274 1348 4328 lteber=

173 4360 230 4426 λὶδγλ
247 4363 290 4415 bct
308 4361 457 4428 (Sititbitljtt’.
493 4364 612 4415 Ceterum
629 4382 653 4416 u.
670 4364 789 4416 Philostr.
807 4380 832 4413 u.
850 4362 921 4426 soph.
944 4363 970 4411 11
993 4362 1094 4421 23,21;
1119 4360 1205 4422 Quint.
1225 4362 1258 4420 11,
1277 4365 1301 4420 5,
1319 4364 1347 4413 7:

159 4449 291 4496 ‘rrarraudr'
316 4448 377 4499 lux'.
416 4449 454 4500 Cf.
486 4452 563 4501 ctiam
594 4451 674 4503 Dion.
703 4451 729 4502 d.
758 4465 781 4500 c.
807 4466 834 4502 u.
860 4448 905 4509 33,
927 4463 953 4511 p.
978 4446 1031 4496 333
1056 4445 1128 4504 een..
1151 4445 1198 4491 utri
1221 4447 1349 4495 antestius

136 4511 284 4582 (stwlstra'
293 4540 324 4580 et
343 4514 471 4602 σκιεράς
486 4537 605 4602 genuina
624 4537 652 4588 ui
671 4537 703 4587 ad
723 4544 808 4586 artem
824 4532 952 4599 pingensi
967 4525 1126 4593 pertinentia
1137 4531 1301 4585 usurpantur.
