<?xml version="1.0" encoding="UTF-8"?>
<!DOCTYPE html PUBLIC "-//W3C//DTD XHTML 1.0 Transitional//EN"
    "http://www.w3.org/TR/xhtml1/DTD/xhtml1-transitional.dtd">
<html xmlns="http://www.w3.org/1999/xhtml" xml:lang="en" lang="en">
 <head>
  <title>
</title>
<meta http-equiv="Content-Type" content="text/html;charset=utf-8" />
  <meta name='ocr-system' content='tesseract 3.04.00' />
  <meta name='ocr-capabilities' content='ocr_page ocr_carea ocr_par ocr_line ocrx_word'/>
</head>
<body>
  <div class='ocr_page' id='page_1' title='image "./dionysiushalica00greigoog_0039.png"; bbox 0 0 2842 4806; ppageno 0'>
   <div class='ocr_carea' id='block_1_1' title="bbox 141 368 1316 1270">
    <p class='ocr_par' dir='ltr' id='par_1_1' title="bbox 141 368 1316 1270">
     <span class='ocr_line' id='line_1_1' title="bbox 141 368 1310 460; baseline 0.003 -25"><span class='ocrx_word' id='word_1_1' title='bbox 141 373 239 439; x_wconf 85' lang='lat' dir='ltr'><strong>Thuo.</strong></span> <span class='ocrx_word' id='word_1_2' title='bbox 261 376 311 451; x_wconf 83' lang='lat'>24,</span> <span class='ocrx_word' id='word_1_3' title='bbox 327 377 356 449; x_wconf 90' lang='grc'><em>6,</em></span> <span class='ocrx_word' id='word_1_4' title='bbox 378 396 408 458; x_wconf 91' lang='lat' dir='ltr'><em>p.</em></span> <span class='ocrx_word' id='word_1_5' title='bbox 426 377 482 439; x_wconf 82' lang='lat'><em>131</em></span> <span class='ocrx_word' id='word_1_6' title='bbox 505 373 576 439; x_wconf 87' lang='lat' dir='ltr'><strong>Kr.:</strong></span> <span class='ocrx_word' id='word_1_7' title='bbox 595 374 783 457; x_wconf 62' lang='grc' dir='ltr'><em>χριίμοιταῐ)</em></span> <span class='ocrx_word' id='word_1_8' title='bbox 806 368 932 460; x_wconf 78' lang='grc' dir='ltr'><em>δἀὐτης</em></span> <span class='ocrx_word' id='word_1_9' title='bbox 954 374 1006 456; x_wconf 83' lang='lat' dir='ltr'>(sc.</span> <span class='ocrx_word' id='word_1_10' title='bbox 1028 374 1086 459; x_wconf 76' lang='grc' dir='ltr'><em>της</em></span> <span class='ocrx_word' id='word_1_11' title='bbox 1109 373 1310 439; x_wconf 76' lang='grc' dir='ltr'><strong><em>Θουκυδίδου</em></strong></span> 
     </span>
     <span class='ocr_line' id='line_1_2' title="bbox 142 470 1311 561; baseline 0.001 -23"><span class='ocrx_word' id='word_1_12' title='bbox 142 474 269 553; x_wconf 82' lang='grc' dir='ltr'><em>λέξεως)</em></span> <span class='ocrx_word' id='word_1_13' title='bbox 298 473 336 539; x_wconf 86' lang='grc' dir='ltr'><em>τό</em></span> <span class='ocrx_word' id='word_1_14' title='bbox 368 499 403 539; x_wconf 89' lang='grc' dir='ltr'><em>τε</em></span> <span class='ocrx_word' id='word_1_15' title='bbox 436 471 595 561; x_wconf 85' lang='grc' dir='ltr'><em>στρυφνὸν</em></span> <span class='ocrx_word' id='word_1_16' title='bbox 620 476 675 539; x_wconf 84' lang='grc' dir='ltr'><em>καὶ</em></span> <span class='ocrx_word' id='word_1_17' title='bbox 702 471 740 538; x_wconf 86' lang='grc' dir='ltr'><em>τὸ</em></span> <span class='ocrx_word' id='word_1_18' title='bbox 767 472 883 539; x_wconf 87' lang='grc' dir='ltr'><em>πυκνὸν</em></span> <span class='ocrx_word' id='word_1_19' title='bbox 909 477 962 539; x_wconf 80' lang='grc' dir='ltr'><em>καὶ</em></span> <span class='ocrx_word' id='word_1_20' title='bbox 991 471 1029 537; x_wconf 88' lang='grc' dir='ltr'><em>τὸ</em></span> <span class='ocrx_word' id='word_1_21' title='bbox 1050 470 1167 558; x_wconf 79' lang='grc' dir='ltr'><em>πικρὸν</em></span> <span class='ocrx_word' id='word_1_22' title='bbox 1189 476 1244 539; x_wconf 85' lang='grc' dir='ltr'><em>καὶ</em></span> <span class='ocrx_word' id='word_1_23' title='bbox 1274 472 1311 539; x_wconf 85' lang='grc' dir='ltr'><em>τὸ</em></span> 
     </span>
     <span class='ocr_line' id='line_1_3' title="bbox 143 568 1311 663; baseline 0.003 -25"><span class='ocrx_word' id='word_1_24' title='bbox 143 568 304 660; x_wconf 79' lang='grc' dir='ltr'><em>αὐστηρὸν</em></span> <span class='ocrx_word' id='word_1_25' title='bbox 323 577 378 641; x_wconf 87' lang='grc' dir='ltr'><em>καὶ</em></span> <span class='ocrx_word' id='word_1_26' title='bbox 405 573 443 641; x_wconf 86' lang='grc' dir='ltr'><em>τὸ</em></span> <span class='ocrx_word' id='word_1_27' title='bbox 470 576 626 662; x_wconf 80' lang='grc' dir='ltr'><em>ἐμβριθὲς</em></span> <span class='ocrx_word' id='word_1_28' title='bbox 646 578 700 640; x_wconf 83' lang='grc' dir='ltr'><em>καὶ</em></span> <span class='ocrx_word' id='word_1_29' title='bbox 726 573 764 639; x_wconf 84' lang='grc' dir='ltr'><em>τὸ</em></span> <span class='ocrx_word' id='word_1_30' title='bbox 788 573 890 641; x_wconf 77' lang='grc' dir='ltr'><em>δεινὸν</em></span> <span class='ocrx_word' id='word_1_31' title='bbox 915 571 1029 642; x_wconf 81' lang='grc' dir='ltr'><em>καὶτὸ</em></span> <span class='ocrx_word' id='word_1_32' title='bbox 1053 572 1205 661; x_wconf 87' lang='grc' dir='ltr'><em>φοβερὸν,</em></span> <span class='ocrx_word' id='word_1_33' title='bbox 1228 570 1311 663; x_wconf 77' lang='grc' dir='ltr'><em>ὑπὲρ</em></span> 
     </span>
     <span class='ocr_line' id='line_1_4' title="bbox 143 669 1312 765; baseline 0.001 -27"><span class='ocrx_word' id='word_1_34' title='bbox 143 669 273 739; x_wconf 77' lang='grc' dir='ltr'><em>ἅπαντα</em></span> <span class='ocrx_word' id='word_1_35' title='bbox 296 674 455 741; x_wconf 75' lang='grc' dir='ltr'><em>δὲταῦτα</em></span> <span class='ocrx_word' id='word_1_36' title='bbox 477 673 515 740; x_wconf 86' lang='grc' dir='ltr'><em>τὸ</em></span> <span class='ocrx_word' id='word_1_37' title='bbox 536 678 723 762; x_wconf 80' lang='grc' dir='ltr'><em>παθητικόν</em></span> <span class='ocrx_word' id='word_1_38' title='bbox 731 702 741 754; x_wconf 89' lang='grc'><em>,·</em></span> <span class='ocrx_word' id='word_1_39' title='bbox 762 677 780 742; x_wconf 88' lang='lat' dir='ltr'><em>l.</em></span> <span class='ocrx_word' id='word_1_40' title='bbox 803 700 826 742; x_wconf 86' lang='lat' dir='ltr'><em>c.</em></span> <span class='ocrx_word' id='word_1_41' title='bbox 849 681 898 756; x_wconf 80' lang='lat'>42,</span> <span class='ocrx_word' id='word_1_42' title='bbox 919 682 947 753; x_wconf 87' lang='lat'><em>3,</em></span> <span class='ocrx_word' id='word_1_43' title='bbox 969 699 999 761; x_wconf 90' lang='lat' dir='ltr'><em>p.</em></span> <span class='ocrx_word' id='word_1_44' title='bbox 1024 679 1082 741; x_wconf 83' lang='lat'><em>187</em></span> <span class='ocrx_word' id='word_1_45' title='bbox 1104 676 1174 744; x_wconf 70' lang='grc' dir='ltr'><em>Κατ</em></span> <span class='ocrx_word' id='word_1_46' title='bbox 1199 673 1238 740; x_wconf 84' lang='grc' dir='ltr'><em>τὸ</em></span> <span class='ocrx_word' id='word_1_47' title='bbox 1268 675 1312 765; x_wconf 78' lang='grc' dir='ltr'><em>μὴ</em></span> 
     </span>
     <span class='ocr_line' id='line_1_5' title="bbox 141 771 1313 869; baseline 0.001 -27"><span class='ocrx_word' id='word_1_48' title='bbox 141 780 416 859; x_wconf 58' lang='grc' dir='ltr'><em>βεβασανίσθαιῖ)</em></span> <span class='ocrx_word' id='word_1_49' title='bbox 443 777 525 863; x_wconf 80' lang='grc' dir='ltr'><em>μηδὲ</em></span> <span class='ocrx_word' id='word_1_50' title='bbox 557 778 903 869; x_wconf 76' lang='grc' dir='ltr'><em>κατεπιτετηδεῦσθαι,</em></span> <span class='ocrx_word' id='word_1_51' title='bbox 937 771 1060 864; x_wconf 79' lang='grc' dir='ltr'><em>ἀληθεῖ</em></span> <span class='ocrx_word' id='word_1_52' title='bbox 1091 778 1127 843; x_wconf 81' lang='grc' dir='ltr'><em>δέ</em></span> <span class='ocrx_word' id='word_1_53' title='bbox 1157 803 1222 843; x_wconf 84' lang='grc' dir='ltr'><em>τινι</em></span> <span class='ocrx_word' id='word_1_54' title='bbox 1258 781 1313 843; x_wconf 84' lang='grc' dir='ltr'><em>καὶ</em></span> 
     </span>
     <span class='ocr_line' id='line_1_6' title="bbox 142 877 1313 965; baseline 0.001 -23"><span class='ocrx_word' id='word_1_55' title='bbox 142 880 269 964; x_wconf 75' lang='grc' dir='ltr'><em>φυσικῷ</em></span> <span class='ocrx_word' id='word_1_56' title='bbox 290 880 516 965; x_wconf 78' lang='grc' dir='ltr'><em>κεκοσμῆσθαι</em></span> <span class='ocrx_word' id='word_1_57' title='bbox 541 877 706 963; x_wconf 68' lang='grc' dir='ltr'><em>χρώματα</em></span> <span class='ocrx_word' id='word_1_58' title='bbox 735 880 773 942; x_wconf 86' lang='lat' dir='ltr'><em>de</em></span> <span class='ocrx_word' id='word_1_59' title='bbox 801 903 825 946; x_wconf 86' lang='lat' dir='ltr'><em>o.</em></span> <span class='ocrx_word' id='word_1_60' title='bbox 847 903 876 946; x_wconf 88' lang='lat' dir='ltr'><em>u.</em></span> <span class='ocrx_word' id='word_1_61' title='bbox 905 884 935 957; x_wconf 87' lang='grc'><em>4,</em></span> <span class='ocrx_word' id='word_1_62' title='bbox 962 903 991 964; x_wconf 89' lang='lat' dir='ltr'><em>p.</em></span> <span class='ocrx_word' id='word_1_63' title='bbox 1014 884 1055 945; x_wconf 80' lang='lat'><em>54</em></span> <span class='ocrx_word' id='word_1_64' title='bbox 1076 878 1151 947; x_wconf 81' lang='lat' dir='ltr'><strong>Sch.</strong></span> <span class='ocrx_word' id='word_1_65' title='bbox 1175 881 1235 965; x_wconf 72' lang='grc' dir='ltr'><em>τῆς</em></span> <span class='ocrx_word' id='word_1_66' title='bbox 1255 881 1313 960; x_wconf 83' lang='grc' dir='ltr'><em>μὲν</em></span> 
     </span>
     <span class='ocr_line' id='line_1_7' title="bbox 142 972 1315 1068; baseline 0 -24"><span class='ocrx_word' id='word_1_67' title='bbox 142 977 272 1067; x_wconf 74' lang='grc' dir='ltr'><em>ἕκλονης</em></span> <span class='ocrx_word' id='word_1_68' title='bbox 292 982 355 1043; x_wconf 79' lang='grc' dir='ltr'><em>τῶν</em></span> <span class='ocrx_word' id='word_1_69' title='bbox 384 972 551 1060; x_wconf 79' lang='grc' dir='ltr'><em>ὀνομάτων</em></span> <span class='ocrx_word' id='word_1_70' title='bbox 578 981 634 1065; x_wconf 78' lang='grc' dir='ltr'><em>τῆς</em></span> <span class='ocrx_word' id='word_1_71' title='bbox 663 975 762 1068; x_wconf 77' lang='grc' dir='ltr'><em>αὐτῆς</em></span> <span class='ocrx_word' id='word_1_72' title='bbox 786 979 952 1065; x_wconf 76' lang='grc' dir='ltr'><em>μενούσης,</em></span> <span class='ocrx_word' id='word_1_73' title='bbox 974 983 1031 1067; x_wconf 82' lang='grc' dir='ltr'><em>της</em></span> <span class='ocrx_word' id='word_1_74' title='bbox 1061 981 1096 1046; x_wconf 82' lang='grc' dir='ltr'><em>δὲ</em></span> <span class='ocrx_word' id='word_1_75' title='bbox 1125 984 1315 1058; x_wconf 70' lang='grc' dir='ltr'><em>συνθέσεως</em></span> 
     </span>
     <span class='ocr_line' id='line_1_8' title="bbox 141 1077 1314 1169; baseline 0.001 -26"><span class='ocrx_word' id='word_1_76' title='bbox 141 1079 239 1165; x_wconf 90' lang='grc' dir='ltr'><em>μόνης</em></span> <span class='ocrx_word' id='word_1_77' title='bbox 263 1077 409 1162; x_wconf 83' lang='grc' dir='ltr'><em>μάλιστα</em></span> <span class='ocrx_word' id='word_1_78' title='bbox 434 1079 599 1168; x_wconf 84' lang='grc' dir='ltr'><em>πεσούσης</em></span> <span class='ocrx_word' id='word_1_79' title='bbox 629 1081 670 1145; x_wconf 88' lang='grc' dir='ltr'><em>τά</em></span> <span class='ocrx_word' id='word_1_80' title='bbox 699 1107 733 1147; x_wconf 86' lang='grc' dir='ltr'><em>τε</em></span> <span class='ocrx_word' id='word_1_81' title='bbox 760 1088 862 1166; x_wconf 83' lang='grc' dir='ltr'><em>μέτρα</em></span> <span class='ocrx_word' id='word_1_82' title='bbox 890 1082 1225 1169; x_wconf 74' lang='grc' dir='ltr'><em>μεταρρυθμίζεσθαι</em></span> <span class='ocrx_word' id='word_1_83' title='bbox 1259 1084 1314 1145; x_wconf 85' lang='grc' dir='ltr'><em>καὶ</em></span> 
     </span>
     <span class='ocr_line' id='line_1_9' title="bbox 142 1175 1316 1270; baseline 0.002 -26"><span class='ocrx_word' id='word_1_84' title='bbox 142 1185 424 1264; x_wconf 78' lang='grc' dir='ltr'><em>συμμεταπίπτειν</em></span> <span class='ocrx_word' id='word_1_85' title='bbox 457 1175 569 1258; x_wconf 71' lang='grc' dir='ltr'><em>αὐτοῖς</em></span> <span class='ocrx_word' id='word_1_86' title='bbox 595 1179 636 1246; x_wconf 83' lang='grc' dir='ltr'><em>τὰ</em></span> <span class='ocrx_word' id='word_1_87' title='bbox 666 1180 824 1270; x_wconf 80' lang='grc' dir='ltr'><em>σχήματα,</em></span> <span class='ocrx_word' id='word_1_88' title='bbox 855 1181 896 1247; x_wconf 82' lang='grc' dir='ltr'><em>τὰ</em></span> <span class='ocrx_word' id='word_1_89' title='bbox 918 1182 1077 1269; x_wconf 80' lang='grc' dir='ltr'><em>χρώματα</em></span> <span class='ocrx_word' id='word_1_90' title='bbox 1105 1184 1191 1260; x_wconf 83' lang='grc' dir='ltr'><em>κτλ.,·</em></span> <span class='ocrx_word' id='word_1_91' title='bbox 1219 1181 1260 1246; x_wconf 83' lang='lat' dir='ltr'><em>de</em></span> <span class='ocrx_word' id='word_1_92' title='bbox 1282 1183 1316 1246; x_wconf 86' lang='lat' dir='ltr'>ni</span> 
     </span>
    </p>
   </div>
   <div class='ocr_carea' id='block_1_2' title="bbox 142 1324 170 1331">
    <p class='ocr_par' dir='ltr' id='par_1_2' title="bbox 142 1324 170 1331">
     <span class='ocr_line' id='line_1_10' title="bbox 142 1324 170 1331; baseline -0.036 0"><span class='ocrx_word' id='word_1_93' title='bbox 142 1324 170 1331; x_wconf 80' lang='grc'><em>.-</em></span> 
     </span>
    </p>
   </div>
   <div class='ocr_carea' id='block_1_3' title="bbox 140 1351 1326 1590">
    <p class='ocr_par' dir='ltr' id='par_1_3' title="bbox 140 1351 1326 1590">
     <span class='ocr_line' id='line_1_11' title="bbox 141 1351 1324 1422; baseline 0.003 -17"><span class='ocrx_word' id='word_1_94' title='bbox 141 1360 208 1405; x_wconf 83' lang='lat' dir='ltr'><strong>‘nem</strong></span> <span class='ocrx_word' id='word_1_95' title='bbox 225 1371 283 1406; x_wconf 86' lang='lat' dir='ltr'><em>meo</em></span> <span class='ocrx_word' id='word_1_96' title='bbox 299 1357 400 1419; x_wconf 90' lang='lat' dir='ltr'>quidem</span> <span class='ocrx_word' id='word_1_97' title='bbox 417 1357 510 1406; x_wconf 83' lang='lat' dir='ltr'>iudicio</span> <span class='ocrx_word' id='word_1_98' title='bbox 529 1357 571 1406; x_wconf 83' lang='lat' dir='ltr'>ills</span> <span class='ocrx_word' id='word_1_99' title='bbox 590 1364 627 1407; x_wconf 90' lang='lat' dir='ltr'><em>est</em></span> <span class='ocrx_word' id='word_1_100' title='bbox 644 1358 780 1418; x_wconf 80' lang='lat' dir='ltr'>urbanitas,</span> <span class='ocrx_word' id='word_1_101' title='bbox 792 1359 818 1406; x_wconf 93' lang='lat' dir='ltr'>in</span> <span class='ocrx_word' id='word_1_102' title='bbox 836 1373 885 1421; x_wconf 81' lang='lat' dir='ltr'><em>que</em></span> <span class='ocrx_word' id='word_1_103' title='bbox 902 1351 964 1407; x_wconf 85' lang='lat' dir='ltr'>nihil</span> <span class='ocrx_word' id='word_1_104' title='bbox 981 1359 1112 1420; x_wconf 82' lang='lat' dir='ltr'>absonum,</span> <span class='ocrx_word' id='word_1_105' title='bbox 1125 1358 1190 1407; x_wconf 90' lang='lat' dir='ltr'>nihil</span> <span class='ocrx_word' id='word_1_106' title='bbox 1204 1365 1324 1422; x_wconf 79' lang='lat' dir='ltr'>agreste,</span> 
     </span>
     <span class='ocr_line' id='line_1_12' title="bbox 140 1440 1326 1507; baseline 0.003 -18"><span class='ocrx_word' id='word_1_107' title='bbox 140 1440 203 1489; x_wconf 87' lang='lat' dir='ltr'>nihil</span> <span class='ocrx_word' id='word_1_108' title='bbox 221 1441 386 1500; x_wconf 84' lang='lat' dir='ltr'>inconditum,</span> <span class='ocrx_word' id='word_1_109' title='bbox 403 1441 465 1490; x_wconf 91' lang='lat' dir='ltr'>nihil</span> <span class='ocrx_word' id='word_1_110' title='bbox 482 1443 630 1507; x_wconf 82' lang='lat' dir='ltr'>pereginum</span> <span class='ocrx_word' id='word_1_111' title='bbox 647 1457 730 1506; x_wconf 89' lang='lat' dir='ltr'><strong>neque</strong></span> <span class='ocrx_word' id='word_1_112' title='bbox 749 1457 823 1492; x_wconf 85' lang='lat' dir='ltr'>sensu</span> <span class='ocrx_word' id='word_1_113' title='bbox 841 1456 923 1505; x_wconf 87' lang='lat' dir='ltr'><strong>noque</strong></span> <span class='ocrx_word' id='word_1_114' title='bbox 941 1443 1024 1492; x_wconf 87' lang='lat' dir='ltr'>uerbis</span> <span class='ocrx_word' id='word_1_115' title='bbox 1041 1458 1124 1506; x_wconf 85' lang='lat' dir='ltr'><strong>neque</strong></span> <span class='ocrx_word' id='word_1_116' title='bbox 1142 1458 1187 1492; x_wconf 85' lang='lat' dir='ltr'><em>ore</em></span> <span class='ocrx_word' id='word_1_117' title='bbox 1206 1451 1326 1506; x_wconf 73' lang='lat' dir='ltr'><em>gestuue</em></span> 
     </span>
     <span class='ocr_line' id='line_1_13' title="bbox 141 1525 1318 1590; baseline 0.003 -17"><span class='ocrx_word' id='word_1_118' title='bbox 141 1525 223 1588; x_wconf 88' lang='lat' dir='ltr'>possit</span> <span class='ocrx_word' id='word_1_119' title='bbox 240 1525 367 1589; x_wconf 81' lang='lat' dir='ltr'>deprendi,</span> <span class='ocrx_word' id='word_1_120' title='bbox 385 1534 481 1575; x_wconf 89' lang='lat' dir='ltr'><strong>utnon</strong></span> <span class='ocrx_word' id='word_1_121' title='bbox 499 1535 550 1576; x_wconf 86' lang='lat' dir='ltr'><em>tam</em></span> <span class='ocrx_word' id='word_1_122' title='bbox 568 1528 600 1576; x_wconf 90' lang='lat' dir='ltr'>sit</span> <span class='ocrx_word' id='word_1_123' title='bbox 616 1529 642 1575; x_wconf 88' lang='lat' dir='ltr'>in</span> <span class='ocrx_word' id='word_1_124' title='bbox 660 1527 764 1590; x_wconf 85' lang='lat' dir='ltr'>singulis</span> <span class='ocrx_word' id='word_1_125' title='bbox 783 1527 854 1574; x_wconf 81' lang='lat' dir='ltr'>dictis</span> <span class='ocrx_word' id='word_1_126' title='bbox 872 1542 947 1589; x_wconf 83' lang='lat' dir='ltr'><strong>quern</strong></span> <span class='ocrx_word' id='word_1_127' title='bbox 970 1528 996 1574; x_wconf 92' lang='lat' dir='ltr'>in</span> <span class='ocrx_word' id='word_1_128' title='bbox 1015 1533 1069 1575; x_wconf 84' lang='lat' dir='ltr'><em>toto</em></span> <span class='ocrx_word' id='word_1_129' title='bbox 1088 1528 1173 1576; x_wconf 85' lang='lat' dir='ltr'><strong>colore</strong></span> <span class='ocrx_word' id='word_1_130' title='bbox 1192 1528 1318 1579; x_wconf 79' lang='lat' dir='ltr'>dicendi’.</span> 
     </span>
    </p>
   </div>
   <div class='ocr_carea' id='block_1_4' title="bbox 142 1608 1323 1869">
    <p class='ocr_par' dir='ltr' id='par_1_4' title="bbox 142 1608 1323 1869">
     <span class='ocr_line' id='line_1_14' title="bbox 242 1608 1321 1694; baseline 0.001 -22"><span class='ocrx_word' id='word_1_131' title='bbox 242 1626 261 1689; x_wconf 83' lang='lat'><em>¹)</em></span> <span class='ocrx_word' id='word_1_132' title='bbox 280 1625 415 1676; x_wconf 76' lang='lat' dir='ltr'><strong>Praeterea</strong></span> <span class='ocrx_word' id='word_1_133' title='bbox 429 1636 658 1677; x_wconf 79' lang='lat' dir='ltr'><strong>commemorantur</strong></span> <span class='ocrx_word' id='word_1_134' title='bbox 672 1628 721 1676; x_wconf 86' lang='lat' dir='ltr'><em>hoe</em></span> <span class='ocrx_word' id='word_1_135' title='bbox 738 1629 795 1676; x_wconf 85' lang='lat' dir='ltr'><em>loco</em></span> <span class='ocrx_word' id='word_1_136' title='bbox 816 1608 915 1694; x_wconf 77' lang='grc' dir='ltr'><em>ὥσπερ</em></span> <span class='ocrx_word' id='word_1_137' title='bbox 931 1635 1045 1694; x_wconf 78' lang='grc' dir='ltr'><em>οργαια</em></span> <span class='ocrx_word' id='word_1_138' title='bbox 1057 1611 1107 1686; x_wconf 76' lang='grc' dir='ltr'><em>τῆς</em></span> <span class='ocrx_word' id='word_1_139' title='bbox 1121 1611 1321 1674; x_wconf 77' lang='grc' dir='ltr'><em>Θουκυδίδου</em></span> 
     </span>
     <span class='ocr_line' id='line_1_15' title="bbox 142 1698 1323 1786; baseline 0.003 -25"><span class='ocrx_word' id='word_1_140' title='bbox 142 1701 258 1775; x_wconf 82' lang='grc' dir='ltr'><em>λέξεως·</em></span> <span class='ocrx_word' id='word_1_141' title='bbox 279 1699 310 1761; x_wconf 79' lang='grc' dir='ltr'><em>τὸ</em></span> <span class='ocrx_word' id='word_1_142' title='bbox 331 1702 478 1779; x_wconf 84' lang='grc' dir='ltr'><em>ποιητικὸν</em></span> <span class='ocrx_word' id='word_1_143' title='bbox 497 1727 555 1764; x_wconf 89' lang='grc' dir='ltr'><em>τιον</em></span> <span class='ocrx_word' id='word_1_144' title='bbox 576 1703 739 1781; x_wconf 75' lang='grc' dir='ltr'><em>ὀνομάτων,</em></span> <span class='ocrx_word' id='word_1_145' title='bbox 754 1702 785 1765; x_wconf 83' lang='grc' dir='ltr'><em>τό</em></span> <span class='ocrx_word' id='word_1_146' title='bbox 807 1698 895 1786; x_wconf 58' lang='grc' dir='ltr'><em>τραχεῖ</em></span> <span class='ocrx_word' id='word_1_147' title='bbox 919 1705 969 1780; x_wconf 76' lang='grc' dir='ltr'><em>τῆς</em></span> <span class='ocrx_word' id='word_1_148' title='bbox 991 1701 1145 1785; x_wconf 76' lang='grc' dir='ltr'><em>ἁρμονίας,</em></span> <span class='ocrx_word' id='word_1_149' title='bbox 1167 1703 1200 1764; x_wconf 81' lang='grc' dir='ltr'><em>τὸ</em></span> <span class='ocrx_word' id='word_1_150' title='bbox 1222 1728 1323 1785; x_wconf 82' lang='grc' dir='ltr'><em>ταχος</em></span> 
     </span>
     <span class='ocr_line' id='line_1_16' title="bbox 142 1784 1318 1869; baseline 0.007 -24"><span class='ocrx_word' id='word_1_151' title='bbox 142 1807 190 1861; x_wconf 90' lang='grc' dir='ltr'><em>της</em></span> <span class='ocrx_word' id='word_1_152' title='bbox 211 1793 373 1863; x_wconf 78' lang='grc' dir='ltr'><em>σημασίας,</em></span> <span class='ocrx_word' id='word_1_153' title='bbox 390 1803 432 1850; x_wconf 94' lang='lat' dir='ltr'>ubi</span> <span class='ocrx_word' id='word_1_154' title='bbox 450 1784 563 1869; x_wconf 78' lang='grc' dir='ltr'><em>ὄργανα</em></span> <span class='ocrx_word' id='word_1_155' title='bbox 580 1819 632 1852; x_wconf 93' lang='lat' dir='ltr'><em>non</em></span> <span class='ocrx_word' id='word_1_156' title='bbox 651 1818 707 1853; x_wconf 89' lang='lat' dir='ltr'><strong>curn</strong></span> <span class='ocrx_word' id='word_1_157' title='bbox 724 1804 841 1852; x_wconf 79' lang='lat' dir='ltr'>Ernesrio</span> <span class='ocrx_word' id='word_1_158' title='bbox 858 1803 951 1853; x_wconf 77' lang='lat' dir='ltr'><strong>formas</strong></span> <span class='ocrx_word' id='word_1_159' title='bbox 969 1803 1068 1852; x_wconf 85' lang='lat' dir='ltr'>dicendi</span> <span class='ocrx_word' id='word_1_160' title='bbox 1087 1817 1142 1853; x_wconf 83' lang='lat' dir='ltr'><em>esse</em></span> <span class='ocrx_word' id='word_1_161' title='bbox 1160 1803 1318 1866; x_wconf 85' lang='lat' dir='ltr'>intellegen-</span> 
     </span>
    </p>
   </div>
   <div class='ocr_carea' id='block_1_5' title="bbox 141 1885 1316 2034">
    <p class='ocr_par' dir='ltr' id='par_1_5' title="bbox 141 1885 1316 2034">
     <span class='ocr_line' id='line_1_17' title="bbox 141 1885 1316 1952; baseline 0.003 -19"><span class='ocrx_word' id='word_1_162' title='bbox 141 1885 193 1947; x_wconf 81' lang='lat' dir='ltr'>dus,</span> <span class='ocrx_word' id='word_1_163' title='bbox 211 1886 255 1934; x_wconf 87' lang='lat' dir='ltr'><em>sed</em></span> <span class='ocrx_word' id='word_1_164' title='bbox 277 1886 406 1950; x_wconf 77' lang='lat' dir='ltr'><em>uulgarem</em></span> <span class='ocrx_word' id='word_1_165' title='bbox 429 1887 518 1937; x_wconf 80' lang='lat' dir='ltr'><em>edesse</em></span> <span class='ocrx_word' id='word_1_166' title='bbox 541 1887 782 1952; x_wconf 83' lang='lat' dir='ltr'>significationem</span> <span class='ocrx_word' id='word_1_167' title='bbox 774 1904 825 1937; x_wconf 82' lang='lat' dir='ltr'>usin</span> <span class='ocrx_word' id='word_1_168' title='bbox 846 1889 965 1952; x_wconf 85' lang='lat' dir='ltr'><strong>Krueg.</strong></span> <span class='ocrx_word' id='word_1_169' title='bbox 958 1905 985 1936; x_wconf 89' lang='grc' dir='ltr'><em>ιιι</em></span> <span class='ocrx_word' id='word_1_170' title='bbox 1005 1889 1056 1938; x_wconf 89' lang='lat' dir='ltr'>ind.</span> <span class='ocrx_word' id='word_1_171' title='bbox 1078 1888 1147 1937; x_wconf 87' lang='lat' dir='ltr'><strong>uerb.</strong></span> <span class='ocrx_word' id='word_1_172' title='bbox 1165 1888 1316 1949; x_wconf 79' lang='lat' dir='ltr'>adnotauit3</span> 
     </span>
     <span class='ocr_line' id='line_1_18' title="bbox 143 1970 861 2034; baseline 0.004 -16"><span class='ocrx_word' id='word_1_173' title='bbox 143 1984 226 2033; x_wconf 88' lang='lat' dir='ltr'><strong>neque</strong></span> <span class='ocrx_word' id='word_1_174' title='bbox 245 1978 290 2031; x_wconf 87' lang='lat' dir='ltr'>est,</span> <span class='ocrx_word' id='word_1_175' title='bbox 308 1971 376 2034; x_wconf 92' lang='lat' dir='ltr'><em>quod</em></span> <span class='ocrx_word' id='word_1_176' title='bbox 394 1970 503 2020; x_wconf 87' lang='lat' dir='ltr'>Ernestii</span> <span class='ocrx_word' id='word_1_177' title='bbox 521 1972 671 2021; x_wconf 83' lang='lat' dir='ltr'>sententium</span> <span class='ocrx_word' id='word_1_178' title='bbox 689 1971 861 2021; x_wconf 76' lang='lat' dir='ltr'><strong>defendamus.</strong></span> 
     </span>
    </p>
   </div>
   <div class='ocr_carea' id='block_1_6' title="bbox 131 2065 1313 4490">
    <p class='ocr_par' dir='ltr' id='par_1_6' title="bbox 131 2065 1313 4490">
     <span class='ocr_line' id='line_1_19' title="bbox 242 2065 1313 2145; baseline 0.001 -15.04"><span class='ocrx_word' id='word_1_179' title='bbox 242 2079 395 2144; x_wconf 81' lang='lat' dir='ltr'><strong>²)Uerbum</strong></span> <span class='ocrx_word' id='word_1_180' title='bbox 413 2069 524 2144; x_wconf 88' lang='grc' dir='ltr'><em>βασανί</em></span> <span class='ocrx_word' id='word_1_181' title='bbox 525 2065 592 2140; x_wconf 84' lang='grc' dir='ltr'><em>ζειν,</em></span> <span class='ocrx_word' id='word_1_182' title='bbox 610 2083 680 2131; x_wconf 87' lang='lat' dir='ltr'>euius</span> <span class='ocrx_word' id='word_1_183' title='bbox 703 2082 812 2144; x_wconf 79' lang='lat' dir='ltr'>primarii</span> <span class='ocrx_word' id='word_1_184' title='bbox 832 2097 920 2132; x_wconf 86' lang='lat' dir='ltr'>sensus</span> <span class='ocrx_word' id='word_1_185' title='bbox 939 2090 1039 2131; x_wconf 86' lang='lat' dir='ltr'>exstant</span> <span class='ocrx_word' id='word_1_186' title='bbox 1060 2081 1176 2145; x_wconf 81' lang='lat' dir='ltr'><em>exempla</em></span> <span class='ocrx_word' id='word_1_187' title='bbox 1198 2081 1313 2131; x_wconf 81' lang='lat' dir='ltr'>Platonis</span> 
     </span>
     <span class='ocr_line' id='line_1_20' title="bbox 144 2148 1312 2251; baseline -0.002 -39"><span class='ocrx_word' id='word_1_188' title='bbox 144 2162 189 2226; x_wconf 81' lang='lat' dir='ltr'>(ct.</span> <span class='ocrx_word' id='word_1_189' title='bbox 209 2161 286 2225; x_wconf 77' lang='lat' dir='ltr'><strong>Gorg</strong></span> <span class='ocrx_word' id='word_1_190' title='bbox 305 2179 327 2227; x_wconf 90' lang='lat' dir='ltr'>p</span> <span class='ocrx_word' id='word_1_191' title='bbox 346 2163 448 2215; x_wconf 71' lang='lat'>4865:</span> <span class='ocrx_word' id='word_1_192' title='bbox 473 2153 501 2251; x_wconf 86' lang='grc' dir='ltr'><em>β.</em></span> <span class='ocrx_word' id='word_1_193' title='bbox 531 2149 579 2212; x_wconf 81' lang='grc' dir='ltr'><em>τὸν</em></span> <span class='ocrx_word' id='word_1_194' title='bbox 599 2151 709 2231; x_wconf 80' lang='grc' dir='ltr'><em>χρυσόν</em></span> <span class='ocrx_word' id='word_1_195' title='bbox 735 2173 760 2214; x_wconf 86' lang='lat' dir='ltr'><em>et</em></span> <span class='ocrx_word' id='word_1_196' title='bbox 784 2164 859 2214; x_wconf 87' lang='lat' dir='ltr'>Polit.</span> <span class='ocrx_word' id='word_1_197' title='bbox 877 2167 957 2228; x_wconf 88' lang='lat' dir='ltr'>lllp</span> <span class='ocrx_word' id='word_1_198' title='bbox 976 2166 1075 2216; x_wconf 66' lang='lat'>41313:</span> <span class='ocrx_word' id='word_1_199' title='bbox 1099 2148 1312 2227; x_wconf 83' lang='grc' dir='ltr'><em>βασανίζοντος</em></span> 
     </span>
     <span class='ocr_line' id='line_1_21' title="bbox 141 2228 1310 2316; baseline 0.008 -27"><span class='ocrx_word' id='word_1_200' title='bbox 141 2228 216 2291; x_wconf 88' lang='grc' dir='ltr'><em>πολυ</em></span> <span class='ocrx_word' id='word_1_201' title='bbox 229 2229 384 2308; x_wconf 81' lang='grc' dir='ltr'><em>μᾶλλον</em></span> <span class='ocrx_word' id='word_1_202' title='bbox 367 2235 503 2315; x_wconf 84' lang='grc' dir='ltr'><em>ηχρυσὸν</em></span> <span class='ocrx_word' id='word_1_203' title='bbox 525 2232 555 2294; x_wconf 83' lang='grc' dir='ltr'><em>ἒν</em></span> <span class='ocrx_word' id='word_1_204' title='bbox 574 2232 693 2316; x_wconf 83' lang='grc' dir='ltr'><em>πυρί)ι”ι</em></span> <span class='ocrx_word' id='word_1_205' title='bbox 695 2257 783 2312; x_wconf 82' lang='lat' dir='ltr'>gursto</span> <span class='ocrx_word' id='word_1_206' title='bbox 801 2251 832 2297; x_wconf 86' lang='lat' dir='ltr'><em>de</em></span> <span class='ocrx_word' id='word_1_207' title='bbox 845 2250 959 2298; x_wconf 81' lang='lat' dir='ltr'><em>oratione</em></span> <span class='ocrx_word' id='word_1_208' title='bbox 977 2248 1074 2309; x_wconf 83' lang='lat' dir='ltr'>dieitur,</span> <span class='ocrx_word' id='word_1_209' title='bbox 1092 2251 1156 2297; x_wconf 86' lang='lat' dir='ltr'><strong>‘oum</strong></span> <span class='ocrx_word' id='word_1_210' title='bbox 1169 2249 1310 2298; x_wconf 75' lang='lat' dir='ltr'>artificiosis</span> 
     </span>
     <span class='ocr_line' id='line_1_22' title="bbox 141 2329 1309 2397; baseline -0.002 -19"><span class='ocrx_word' id='word_1_211' title='bbox 141 2329 267 2379; x_wconf 87' lang='lat' dir='ltr'>coloribus</span> <span class='ocrx_word' id='word_1_212' title='bbox 294 2338 318 2380; x_wconf 88' lang='lat' dir='ltr'><em>et</em></span> <span class='ocrx_word' id='word_1_213' title='bbox 339 2331 417 2381; x_wconf 90' lang='lat' dir='ltr'>nimio</span> <span class='ocrx_word' id='word_1_214' title='bbox 439 2340 559 2397; x_wconf 79' lang='lat' dir='ltr'>apparatu</span> <span class='ocrx_word' id='word_1_215' title='bbox 587 2334 725 2391; x_wconf 82' lang='lat' dir='ltr'>instruitur,</span> <span class='ocrx_word' id='word_1_216' title='bbox 746 2333 813 2380; x_wconf 85' lang='lat' dir='ltr'><em>uude</em></span> <span class='ocrx_word' id='word_1_217' title='bbox 838 2333 874 2380; x_wconf 91' lang='lat' dir='ltr'>illi</span> <span class='ocrx_word' id='word_1_218' title='bbox 906 2347 1072 2394; x_wconf 84' lang='lat' dir='ltr'><strong>synonymum</strong></span> <span class='ocrx_word' id='word_1_219' title='bbox 1095 2332 1258 2395; x_wconf 85' lang='lat' dir='ltr'>coniungitur</span> <span class='ocrx_word' id='word_1_220' title='bbox 1281 2339 1309 2376; x_wconf 80' lang='grc' dir='ltr'><em>το</em></span> 
     </span>
     <span class='ocr_line' id='line_1_23' title="bbox 140 2396 1308 2479; baseline 0.006 -22"><span class='ocrx_word' id='word_1_221' title='bbox 140 2396 384 2473; x_wconf 79' lang='grc' dir='ltr'><em>κατεπιτηδεῦσαι,</em></span> <span class='ocrx_word' id='word_1_222' title='bbox 412 2431 463 2479; x_wconf 90' lang='lat' dir='ltr'><em>quo</em></span> <span class='ocrx_word' id='word_1_223' title='bbox 480 2417 560 2465; x_wconf 81' lang='lat' dir='ltr'><strong>uerbo</strong></span> <span class='ocrx_word' id='word_1_224' title='bbox 577 2417 682 2465; x_wconf 89' lang='lat' dir='ltr'>nimium</span> <span class='ocrx_word' id='word_1_225' title='bbox 699 2415 809 2463; x_wconf 90' lang='lat' dir='ltr'>studium</span> <span class='ocrx_word' id='word_1_226' title='bbox 827 2423 852 2463; x_wconf 85' lang='lat' dir='ltr'><em>et</em></span> <span class='ocrx_word' id='word_1_227' title='bbox 869 2430 928 2463; x_wconf 81' lang='lat' dir='ltr'><strong>eura</strong></span> <span class='ocrx_word' id='word_1_228' title='bbox 946 2416 1051 2463; x_wconf 79' lang='lat' dir='ltr'>ornandi</span> <span class='ocrx_word' id='word_1_229' title='bbox 1064 2413 1229 2477; x_wconf 82' lang='lat' dir='ltr'>significetur,</span> <span class='ocrx_word' id='word_1_230' title='bbox 1241 2415 1308 2464; x_wconf 77' lang='lat' dir='ltr'>onius</span> 
     </span>
     <span class='ocr_line' id='line_1_24' title="bbox 140 2480 1308 2564; baseline 0.002 -20"><span class='ocrx_word' id='word_1_231' title='bbox 140 2495 293 2545; x_wconf 82' lang='lat' dir='ltr'>contrarium</span> <span class='ocrx_word' id='word_1_232' title='bbox 312 2482 409 2546; x_wconf 82' lang='grc' dir='ltr'><em>ιιι,τό</em></span> <span class='ocrx_word' id='word_1_233' title='bbox 432 2480 613 2559; x_wconf 79' lang='grc' dir='ltr'><em>ἀληθεῖκαὶ</em></span> <span class='ocrx_word' id='word_1_234' title='bbox 634 2480 748 2564; x_wconf 75' lang='grc' dir='ltr'><em>φυσικῷ</em></span> <span class='ocrx_word' id='word_1_235' title='bbox 765 2484 901 2562; x_wconf 78' lang='grc' dir='ltr'><em>χρώματι</em></span> <span class='ocrx_word' id='word_1_236' title='bbox 914 2500 1041 2558; x_wconf 86' lang='grc' dir='ltr'><em>κεκοσμη</em></span> <span class='ocrx_word' id='word_1_237' title='bbox 1032 2481 1127 2542; x_wconf 87' lang='grc' dir='ltr'><em>σθαι</em></span> <span class='ocrx_word' id='word_1_238' title='bbox 1144 2496 1235 2562; x_wconf 43' lang='grc' dir='ltr'><em>(Ειηη)</em></span> <span class='ocrx_word' id='word_1_239' title='bbox 1270 2496 1308 2546; x_wconf 83' lang='lat' dir='ltr'>Sir</span> 
     </span>
     <span class='ocr_line' id='line_1_25' title="bbox 139 2581 1308 2665; baseline 0.005 -37"><span class='ocrx_word' id='word_1_240' title='bbox 139 2581 348 2644; x_wconf 77' lang='lat' dir='ltr'>praeteriorum,</span> <span class='ocrx_word' id='word_1_241' title='bbox 374 2599 449 2646; x_wconf 89' lang='lat' dir='ltr'><strong>quern</strong></span> <span class='ocrx_word' id='word_1_242' title='bbox 466 2597 540 2646; x_wconf 80' lang='lat' dir='ltr'>supra</span> <span class='ocrx_word' id='word_1_243' title='bbox 559 2584 726 2665; x_wconf 68' lang='lat' dir='ltr'>exeramus,</span> <span class='ocrx_word' id='word_1_244' title='bbox 747 2583 838 2646; x_wconf 86' lang='lat' dir='ltr'>legitur</span> <span class='ocrx_word' id='word_1_245' title='bbox 860 2583 1011 2631; x_wconf 83' lang='lat' dir='ltr'><strong>uocabulum</strong></span> <span class='ocrx_word' id='word_1_246' title='bbox 1033 2582 1064 2630; x_wconf 86' lang='lat' dir='ltr'><em>de</em></span> <span class='ocrx_word' id='word_1_247' title='bbox 1086 2581 1167 2632; x_wconf 85' lang='lat' dir='ltr'>Time.</span> <span class='ocrx_word' id='word_1_248' title='bbox 1187 2583 1229 2642; x_wconf 89' lang='grc'><em>41,</em></span> <span class='ocrx_word' id='word_1_249' title='bbox 1247 2581 1271 2641; x_wconf 85' lang='grc'><em>8,</em></span> <span class='ocrx_word' id='word_1_250' title='bbox 1287 2597 1308 2645; x_wconf 81' lang='lat' dir='ltr'>p</span> 
     </span>
     <span class='ocr_line' id='line_1_26' title="bbox 144 2618 1308 2737; baseline -0.002 -25"><span class='ocrx_word' id='word_1_251' title='bbox 144 2665 189 2714; x_wconf 87' lang='lat'><em>185</em></span> <span class='ocrx_word' id='word_1_252' title='bbox 208 2663 266 2717; x_wconf 88' lang='lat' dir='ltr'>Kr.:</span> <span class='ocrx_word' id='word_1_253' title='bbox 285 2650 361 2722; x_wconf 83' lang='grc' dir='ltr'><em>λέξει</em></span> <span class='ocrx_word' id='word_1_254' title='bbox 382 2656 514 2731; x_wconf 85' lang='grc' dir='ltr'><em>κέχρηται</em></span> <span class='ocrx_word' id='word_1_255' title='bbox 533 2666 579 2728; x_wconf 77' lang='lat' dir='ltr'><em>[so.</em></span> <span class='ocrx_word' id='word_1_256' title='bbox 602 2640 670 2731; x_wconf 81' lang='grc' dir='ltr'><em>Αρχ</em></span> <span class='ocrx_word' id='word_1_257' title='bbox 672 2649 794 2728; x_wconf 79' lang='grc' dir='ltr'><em>ίδαμος)</em></span> <span class='ocrx_word' id='word_1_258' title='bbox 815 2649 943 2737; x_wconf 74' lang='grc' dir='ltr'><em>καθαρά</em></span> <span class='ocrx_word' id='word_1_259' title='bbox 964 2657 1012 2709; x_wconf 82' lang='grc' dir='ltr'><strong><em>καί</em></strong></span> <span class='ocrx_word' id='word_1_260' title='bbox 1039 2653 1132 2729; x_wconf 82' lang='grc' dir='ltr'><em>σαφεῖ</em></span> <span class='ocrx_word' id='word_1_261' title='bbox 1155 2655 1206 2710; x_wconf 90' lang='grc' dir='ltr'><em>και</em></span> <span class='ocrx_word' id='word_1_262' title='bbox 1222 2618 1308 2710; x_wconf 69' lang='lat' dir='ltr'>oilie</span> 
     </span>
     <span class='ocr_line' id='line_1_27' title="bbox 142 2707 1308 2816; baseline 0.005 -24"><span class='ocrx_word' id='word_1_263' title='bbox 142 2731 246 2812; x_wconf 79' lang='grc' dir='ltr'><em>ἒχοὺση</em></span> <span class='ocrx_word' id='word_1_264' title='bbox 262 2733 363 2813; x_wconf 79' lang='grc' dir='ltr'><em>σχῆμα</em></span> <span class='ocrx_word' id='word_1_265' title='bbox 383 2736 637 2813; x_wconf 77' lang='grc' dir='ltr'><em>βεβασανισμένον</em></span> <span class='ocrx_word' id='word_1_266' title='bbox 659 2732 728 2794; x_wconf 80' lang='grc' dir='ltr'><em>ουδὲ</em></span> <span class='ocrx_word' id='word_1_267' title='bbox 747 2707 959 2795; x_wconf 75' lang='grc' dir='ltr'><em>ἀνακόλουθον</em></span> <span class='ocrx_word' id='word_1_268' title='bbox 977 2748 1029 2816; x_wconf 90' lang='lat' dir='ltr'>(ubi</span> <span class='ocrx_word' id='word_1_269' title='bbox 1042 2748 1191 2812; x_wconf 80' lang='lat' dir='ltr'>Sylburgius</span> <span class='ocrx_word' id='word_1_270' title='bbox 1202 2749 1308 2813; x_wconf 78' lang='lat' dir='ltr'><em>praefert</em></span> 
     </span>
     <span class='ocr_line' id='line_1_28' title="bbox 140 2816 1304 2894; baseline 0.006 -19"><span class='ocrx_word' id='word_1_271' title='bbox 140 2816 348 2894; x_wconf 78' lang='grc' dir='ltr'><em>βεβιασμένον,</em></span> <span class='ocrx_word' id='word_1_272' title='bbox 376 2847 432 2881; x_wconf 84' lang='lat' dir='ltr'><em>cum</em></span> <span class='ocrx_word' id='word_1_273' title='bbox 454 2832 571 2882; x_wconf 78' lang='lat' dir='ltr'>Reislrius</span> <span class='ocrx_word' id='word_1_274' title='bbox 599 2847 689 2882; x_wconf 86' lang='lat' dir='ltr'><strong>uocem</strong></span> <span class='ocrx_word' id='word_1_275' title='bbox 712 2835 830 2881; x_wconf 78' lang='lat' dir='ltr'>traditum</span> <span class='ocrx_word' id='word_1_276' title='bbox 858 2841 942 2883; x_wconf 84' lang='lat' dir='ltr'><em>seruet</em></span> <span class='ocrx_word' id='word_1_277' title='bbox 968 2833 1054 2881; x_wconf 85' lang='lat' dir='ltr'>dicens</span> <span class='ocrx_word' id='word_1_278' title='bbox 1076 2832 1152 2880; x_wconf 87' lang='lat' dir='ltr'>‘idem</span> <span class='ocrx_word' id='word_1_279' title='bbox 1175 2840 1215 2881; x_wconf 89' lang='lat' dir='ltr'><em>est</em></span> <span class='ocrx_word' id='word_1_280' title='bbox 1236 2846 1304 2883; x_wconf 80' lang='lat' dir='ltr'><em>aen</em></span> 
     </span>
     <span class='ocr_line' id='line_1_29' title="bbox 141 2895 1303 2982; baseline 0.002 -19"><span class='ocrx_word' id='word_1_281' title='bbox 141 2916 246 2964; x_wconf 77' lang='lat' dir='ltr'>dixisset</span> <span class='ocrx_word' id='word_1_282' title='bbox 264 2898 314 2961; x_wconf 73' lang='grc' dir='ltr'><em>διὰ</em></span> <span class='ocrx_word' id='word_1_283' title='bbox 336 2895 474 2978; x_wconf 85' lang='grc' dir='ltr'><em>βασανου</em></span> <span class='ocrx_word' id='word_1_284' title='bbox 497 2899 739 2982; x_wconf 77' lang='grc' dir='ltr'><em>διεστραμμένον,</em></span> <span class='ocrx_word' id='word_1_285' title='bbox 756 2917 862 2966; x_wconf 82' lang='lat' dir='ltr'>fidiculis</span> <span class='ocrx_word' id='word_1_286' title='bbox 880 2917 1013 2965; x_wconf 89' lang='lat' dir='ltr'>distortum</span> <span class='ocrx_word' id='word_1_287' title='bbox 1031 2915 1193 2966; x_wconf 79' lang='lat' dir='ltr'><em>luxatumue&#39;.</em></span> <span class='ocrx_word' id='word_1_288' title='bbox 1229 2915 1303 2978; x_wconf 74' lang='lat' dir='ltr'><em>Qum</em></span> 
     </span>
     <span class='ocr_line' id='line_1_30' title="bbox 140 2987 1306 3062; baseline 0.001 -15"><span class='ocrx_word' id='word_1_289' title='bbox 140 2998 237 3049; x_wconf 85' lang='lat' dir='ltr'>Reiskii</span> <span class='ocrx_word' id='word_1_290' title='bbox 256 3000 408 3049; x_wconf 82' lang='lat' dir='ltr'>sententium</span> <span class='ocrx_word' id='word_1_291' title='bbox 426 3000 511 3061; x_wconf 75' lang='lat' dir='ltr'>micio,</span> <span class='ocrx_word' id='word_1_292' title='bbox 529 3014 586 3047; x_wconf 86' lang='lat' dir='ltr'><em>eum</em></span> <span class='ocrx_word' id='word_1_293' title='bbox 602 3014 655 3048; x_wconf 86' lang='lat' dir='ltr'><em>nox</em></span> <span class='ocrx_word' id='word_1_294' title='bbox 679 2987 935 3062; x_wconf 77' lang='grc' dir='ltr'><em>βεβασανισμένον</em></span> <span class='ocrx_word' id='word_1_295' title='bbox 955 3001 987 3049; x_wconf 86' lang='lat' dir='ltr'><em>de</em></span> <span class='ocrx_word' id='word_1_296' title='bbox 1009 3014 1039 3048; x_wconf 90' lang='lat' dir='ltr'><em>eo</em></span> <span class='ocrx_word' id='word_1_297' title='bbox 1062 2999 1155 3047; x_wconf 83' lang='lat' dir='ltr'>dietum</span> <span class='ocrx_word' id='word_1_298' title='bbox 1179 3013 1238 3048; x_wconf 86' lang='lat' dir='ltr'><em>esse</em></span> <span class='ocrx_word' id='word_1_299' title='bbox 1256 3012 1306 3049; x_wconf 84' lang='lat' dir='ltr'><strong>een·</strong></span> 
     </span>
     <span class='ocr_line' id='line_1_31' title="bbox 142 3082 1309 3148; baseline -0.003 -14"><span class='ocrx_word' id='word_1_300' title='bbox 142 3098 219 3144; x_wconf 83' lang='lat' dir='ltr'>seam,</span> <span class='ocrx_word' id='word_1_301' title='bbox 231 3084 299 3147; x_wconf 90' lang='lat' dir='ltr'><em>quod</em></span> <span class='ocrx_word' id='word_1_302' title='bbox 312 3092 440 3147; x_wconf 79' lang='lat' dir='ltr'><strong>tamquam</strong></span> <span class='ocrx_word' id='word_1_303' title='bbox 449 3084 556 3133; x_wconf 82' lang='lat' dir='ltr'>coticula</span> <span class='ocrx_word' id='word_1_304' title='bbox 564 3084 688 3148; x_wconf 80' lang='lat' dir='ltr'>probauit,</span> <span class='ocrx_word' id='word_1_305' title='bbox 703 3092 731 3133; x_wconf 94' lang='lat' dir='ltr'><em>ut</em></span> <span class='ocrx_word' id='word_1_306' title='bbox 739 3085 855 3133; x_wconf 91' lang='lat' dir='ltr'>omnibus</span> <span class='ocrx_word' id='word_1_307' title='bbox 867 3084 891 3132; x_wconf 90' lang='lat' dir='ltr'>iu</span> <span class='ocrx_word' id='word_1_308' title='bbox 902 3083 1013 3147; x_wconf 83' lang='lat' dir='ltr'>partibus</span> <span class='ocrx_word' id='word_1_309' title='bbox 1021 3082 1131 3147; x_wconf 84' lang='lat' dir='ltr'><strong>perbene</strong></span> <span class='ocrx_word' id='word_1_310' title='bbox 1144 3083 1177 3131; x_wconf 86' lang='lat' dir='ltr'>sit</span> <span class='ocrx_word' id='word_1_311' title='bbox 1189 3090 1309 3133; x_wconf 85' lang='lat' dir='ltr'>structum</span> 
     </span>
     <span class='ocr_line' id='line_1_32' title="bbox 142 3165 1310 3232; baseline -0.003 -16"><span class='ocrx_word' id='word_1_312' title='bbox 142 3176 167 3216; x_wconf 82' lang='lat' dir='ltr'><em>et</em></span> <span class='ocrx_word' id='word_1_313' title='bbox 187 3183 310 3217; x_wconf 81' lang='lat' dir='ltr'><strong>summum</strong></span> <span class='ocrx_word' id='word_1_314' title='bbox 339 3183 424 3217; x_wconf 85' lang='lat' dir='ltr'><strong>eurum</strong></span> <span class='ocrx_word' id='word_1_315' title='bbox 444 3168 471 3217; x_wconf 93' lang='lat' dir='ltr'>in</span> <span class='ocrx_word' id='word_1_316' title='bbox 494 3183 524 3218; x_wconf 89' lang='lat' dir='ltr'><em>eo</em></span> <span class='ocrx_word' id='word_1_317' title='bbox 542 3170 712 3218; x_wconf 88' lang='lat' dir='ltr'><em>construendo</em></span> <span class='ocrx_word' id='word_1_318' title='bbox 729 3177 904 3232; x_wconf 85' lang='lat' dir='ltr'><em>consumptum</em></span> <span class='ocrx_word' id='word_1_319' title='bbox 924 3182 980 3217; x_wconf 89' lang='lat' dir='ltr'><em>esse</em></span> <span class='ocrx_word' id='word_1_320' title='bbox 996 3174 1122 3231; x_wconf 77' lang='lat' dir='ltr'>appareat.</span> <span class='ocrx_word' id='word_1_321' title='bbox 1149 3167 1224 3217; x_wconf 81' lang='lat' dir='ltr'>Hunc</span> <span class='ocrx_word' id='word_1_322' title='bbox 1242 3165 1310 3220; x_wconf 88' lang='lat' dir='ltr'>uerbi</span> 
     </span>
     <span class='ocr_line' id='line_1_33' title="bbox 142 3251 1309 3320; baseline 0.002 -18"><span class='ocrx_word' id='word_1_323' title='bbox 142 3253 353 3316; x_wconf 75' lang='lat' dir='ltr'>significationem</span> <span class='ocrx_word' id='word_1_324' title='bbox 370 3253 402 3301; x_wconf 80' lang='lat' dir='ltr'><em>ad</em></span> <span class='ocrx_word' id='word_1_325' title='bbox 420 3260 501 3301; x_wconf 83' lang='lat' dir='ltr'><em>totum</em></span> <span class='ocrx_word' id='word_1_326' title='bbox 518 3254 698 3303; x_wconf 78' lang='lat' dir='ltr'><em>sententiarum</em></span> <span class='ocrx_word' id='word_1_327' title='bbox 715 3268 809 3303; x_wconf 85' lang='lat' dir='ltr'><strong>nexum</strong></span> <span class='ocrx_word' id='word_1_328' title='bbox 827 3253 920 3317; x_wconf 85' lang='lat' dir='ltr'><em>optime</em></span> <span class='ocrx_word' id='word_1_329' title='bbox 937 3251 1061 3316; x_wconf 80' lang='lat' dir='ltr'><em>quadrare</em></span> <span class='ocrx_word' id='word_1_330' title='bbox 1077 3252 1207 3302; x_wconf 89' lang='lat' dir='ltr'><strong>neminem</strong></span> <span class='ocrx_word' id='word_1_331' title='bbox 1223 3254 1309 3320; x_wconf 84' lang='lat' dir='ltr'>fugiet.</span> 
     </span>
     <span class='ocr_line' id='line_1_34' title="bbox 141 3337 1310 3419; baseline 0.003 -33"><span class='ocrx_word' id='word_1_332' title='bbox 141 3338 256 3387; x_wconf 83' lang='lat' dir='ltr'><strong>Eundem</strong></span> <span class='ocrx_word' id='word_1_333' title='bbox 274 3339 306 3386; x_wconf 90' lang='lat' dir='ltr'><em>ob</em></span> <span class='ocrx_word' id='word_1_334' title='bbox 324 3352 425 3386; x_wconf 80' lang='lat' dir='ltr'><strong>causum</strong></span> <span class='ocrx_word' id='word_1_335' title='bbox 443 3338 520 3386; x_wconf 83' lang='lat' dir='ltr'><strong>eriam</strong></span> <span class='ocrx_word' id='word_1_336' title='bbox 536 3338 703 3386; x_wconf 87' lang='lat' dir='ltr'>Ernestium</span> <span class='ocrx_word' id='word_1_337' title='bbox 697 3354 723 3386; x_wconf 93' lang='grc' dir='ltr'><em>ιιι</em></span> <span class='ocrx_word' id='word_1_338' title='bbox 741 3353 852 3387; x_wconf 87' lang='lat' dir='ltr'><strong>errorem</strong></span> <span class='ocrx_word' id='word_1_339' title='bbox 869 3338 988 3386; x_wconf 76' lang='lat' dir='ltr'><em>incidisse</em></span> <span class='ocrx_word' id='word_1_340' title='bbox 1004 3337 1064 3385; x_wconf 91' lang='lat' dir='ltr'>mihi</span> <span class='ocrx_word' id='word_1_341' title='bbox 1064 3339 1202 3419; x_wconf 80' lang='lat' dir='ltr'><em>persuasi</em></span> <span class='ocrx_word' id='word_1_342' title='bbox 1219 3340 1253 3388; x_wconf 83' lang='lat' dir='ltr'><em>ed</em></span> <span class='ocrx_word' id='word_1_343' title='bbox 1270 3340 1310 3390; x_wconf 86' lang='lat' dir='ltr'><em>Ps</em></span> 
     </span>
     <span class='ocr_line' id='line_1_35' title="bbox 140 3401 1309 3512; baseline -0.002 -43"><span class='ocrx_word' id='word_1_344' title='bbox 140 3420 223 3502; x_wconf 84' lang='lat' dir='ltr'><strong>Long</strong></span> <span class='ocrx_word' id='word_1_345' title='bbox 241 3429 270 3466; x_wconf 91' lang='grc' dir='ltr'><em>π.</em></span> <span class='ocrx_word' id='word_1_346' title='bbox 291 3401 343 3484; x_wconf 75' lang='grc' dir='ltr'><em>ὕην.</em></span> <span class='ocrx_word' id='word_1_347' title='bbox 364 3423 404 3472; x_wconf 86' lang='lat'><em>10</em></span> <span class='ocrx_word' id='word_1_348' title='bbox 422 3411 473 3466; x_wconf 77' lang='grc' dir='ltr'><em>καὶ</em></span> <span class='ocrx_word' id='word_1_349' title='bbox 494 3429 552 3512; x_wconf 88' lang='grc' dir='ltr'><em>μην</em></span> <span class='ocrx_word' id='word_1_350' title='bbox 577 3404 626 3478; x_wconf 78' lang='grc' dir='ltr'><em>τὰς</em></span> <span class='ocrx_word' id='word_1_351' title='bbox 652 3408 814 3503; x_wconf 76' lang='grc' dir='ltr'><em>προθέσεις</em></span> <span class='ocrx_word' id='word_1_352' title='bbox 843 3404 1016 3479; x_wconf 80' lang='grc' dir='ltr'><em>ἀσυνδέτους</em></span> <span class='ocrx_word' id='word_1_353' title='bbox 1041 3424 1132 3477; x_wconf 90' lang='grc' dir='ltr'><em>ουσας</em></span> <span class='ocrx_word' id='word_1_354' title='bbox 1159 3426 1309 3486; x_wconf 75' lang='grc' dir='ltr'><em>συναναγ-</em></span> 
     </span>
     <span class='ocr_line' id='line_1_36' title="bbox 140 3483 1308 3632; baseline 0.003 -84"><span class='ocrx_word' id='word_1_355' title='bbox 140 3483 240 3562; x_wconf 73' lang='grc' dir='ltr'><em>κασας</em></span> <span class='ocrx_word' id='word_1_356' title='bbox 261 3487 343 3570; x_wconf 83' lang='grc' dir='ltr'><em>παρὰ</em></span> <span class='ocrx_word' id='word_1_357' title='bbox 366 3489 452 3570; x_wconf 76' lang='grc' dir='ltr'><em>φύσιν</em></span> <span class='ocrx_word' id='word_1_358' title='bbox 479 3495 528 3549; x_wconf 78' lang='grc' dir='ltr'><em>καὶ</em></span> <span class='ocrx_word' id='word_1_359' title='bbox 555 3489 596 3561; x_wconf 84' lang='grc' dir='ltr'><em>εἷς</em></span> <span class='ocrx_word' id='word_1_360' title='bbox 622 3484 756 3592; x_wconf 88' lang='grc' dir='ltr'><em>αλληλας</em></span> <span class='ocrx_word' id='word_1_361' title='bbox 782 3483 1074 3632; x_wconf 77' lang='grc' dir='ltr'><em>συμβιασάμενος“</em></span> <span class='ocrx_word' id='word_1_362' title='bbox 1060 3492 1129 3549; x_wconf 77' lang='grc' dir='ltr'><em>υιιὲκ</em></span> <span class='ocrx_word' id='word_1_363' title='bbox 1150 3487 1308 3552; x_wconf 69' lang='grc' dir='ltr'><em>θανάτοιό</em></span> 
     </span>
     <span class='ocr_line' id='line_1_37' title="bbox 139 3567 1310 3653; baseline 0.003 -23"><span class='ocrx_word' id='word_1_364' title='bbox 139 3594 179 3631; x_wconf 86' lang='grc' dir='ltr'><em>τοι</em></span> <span class='ocrx_word' id='word_1_365' title='bbox 204 3575 259 3650; x_wconf 67' lang='grc' dir='ltr'><em>μέν</em></span> <span class='ocrx_word' id='word_1_366' title='bbox 281 3580 405 3651; x_wconf 89' lang='grc' dir='ltr'><em>συνεμπί</em></span> <span class='ocrx_word' id='word_1_367' title='bbox 403 3594 500 3632; x_wconf 86' lang='grc' dir='ltr'><em>πτοντι</em></span> <span class='ocrx_word' id='word_1_368' title='bbox 520 3573 615 3632; x_wconf 81' lang='grc' dir='ltr'><em>πάθει</em></span> <span class='ocrx_word' id='word_1_369' title='bbox 642 3570 671 3632; x_wconf 86' lang='grc' dir='ltr'>ιό</span> <span class='ocrx_word' id='word_1_370' title='bbox 695 3567 764 3646; x_wconf 62' lang='grc' dir='ltr'><em>ἔπος</em></span> <span class='ocrx_word' id='word_1_371' title='bbox 792 3569 905 3650; x_wconf 80' lang='grc' dir='ltr'><em>ὁμοίως</em></span> <span class='ocrx_word' id='word_1_372' title='bbox 930 3567 1173 3651; x_wconf 73' lang='grc' dir='ltr'><em>ἐβασάνισεν,</em></span> <span class='ocrx_word' id='word_1_373' title='bbox 1137 3597 1169 3653; x_wconf 92' lang='grc' dir='ltr'><em>τη</em></span> <span class='ocrx_word' id='word_1_374' title='bbox 1202 3572 1236 3634; x_wconf 80' lang='grc' dir='ltr'><em>δὲ</em></span> <span class='ocrx_word' id='word_1_375' title='bbox 1258 3573 1310 3634; x_wconf 74' lang='grc' dir='ltr'><em>τοῦ</em></span> 
     </span>
     <span class='ocr_line' id='line_1_38' title="bbox 141 3650 1310 3738; baseline 0.006 -23"><span class='ocrx_word' id='word_1_376' title='bbox 141 3657 226 3729; x_wconf 73' lang='grc' dir='ltr'><em>ἔπους</em></span> <span class='ocrx_word' id='word_1_377' title='bbox 248 3659 357 3716; x_wconf 87' lang='grc' dir='ltr'><em>συνθλί</em></span> <span class='ocrx_word' id='word_1_378' title='bbox 345 3663 409 3736; x_wconf 81' lang='grc' dir='ltr'><em>ίφει</em></span> <span class='ocrx_word' id='word_1_379' title='bbox 430 3678 460 3716; x_wconf 89' lang='grc' dir='ltr'><em>το</em></span> <span class='ocrx_word' id='word_1_380' title='bbox 485 3650 590 3730; x_wconf 84' lang='grc' dir='ltr'><em>πάθος</em></span> <span class='ocrx_word' id='word_1_381' title='bbox 616 3652 715 3738; x_wconf 84' lang='grc' dir='ltr'><em>ἄκρως</em></span> <span class='ocrx_word' id='word_1_382' title='bbox 742 3651 932 3716; x_wconf 83' lang='grc' dir='ltr'><em>ἀπεπλάσατο</em></span> <span class='ocrx_word' id='word_1_383' title='bbox 960 3671 1023 3720; x_wconf 84' lang='lat' dir='ltr'><strong>haee</strong></span> <span class='ocrx_word' id='word_1_384' title='bbox 1051 3672 1217 3721; x_wconf 80' lang='lat' dir='ltr'><em>adnotantem</em></span> <span class='ocrx_word' id='word_1_385' title='bbox 1245 3677 1310 3723; x_wconf 86' lang='lat' dir='ltr'><strong>‘cum</strong></span> 
     </span>
     <span class='ocr_line' id='line_1_39' title="bbox 141 3753 1309 3819; baseline 0.003 -15"><span class='ocrx_word' id='word_1_386' title='bbox 141 3755 310 3805; x_wconf 85' lang='lat' dir='ltr'><strong>elocutionem</strong></span> <span class='ocrx_word' id='word_1_387' title='bbox 327 3757 358 3804; x_wconf 82' lang='lat' dir='ltr'><em>ud</em></span> <span class='ocrx_word' id='word_1_388' title='bbox 385 3755 552 3805; x_wconf 81' lang='lat' dir='ltr'>imitationem</span> <span class='ocrx_word' id='word_1_389' title='bbox 578 3756 727 3804; x_wconf 76' lang='lat' dir='ltr'>calamitatis</span> <span class='ocrx_word' id='word_1_390' title='bbox 748 3756 888 3819; x_wconf 84' lang='lat' dir='ltr'>ingruentis</span> <span class='ocrx_word' id='word_1_391' title='bbox 913 3756 986 3804; x_wconf 86' lang='lat' dir='ltr'>torsit</span> <span class='ocrx_word' id='word_1_392' title='bbox 1015 3753 1146 3815; x_wconf 63' lang='lat' dir='ltr'><em>ettfinxir</em></span> <span class='ocrx_word' id='word_1_393' title='bbox 1170 3757 1245 3806; x_wconf 89' lang='lat' dir='ltr'>utin</span> <span class='ocrx_word' id='word_1_394' title='bbox 1271 3758 1309 3807; x_wconf 90' lang='lat' dir='ltr'>his</span> 
     </span>
     <span class='ocr_line' id='line_1_40' title="bbox 139 3818 1310 3902; baseline 0.005 -20"><span class='ocrx_word' id='word_1_395' title='bbox 139 3820 209 3884; x_wconf 72' lang='grc' dir='ltr'><em>ὑπὲκ</em></span> <span class='ocrx_word' id='word_1_396' title='bbox 229 3818 396 3885; x_wconf 46' lang='grc' dir='ltr'><em>θανατοιολ</em></span> <span class='ocrx_word' id='word_1_397' title='bbox 430 3839 519 3888; x_wconf 85' lang='lat' dir='ltr'>Potius</span> <span class='ocrx_word' id='word_1_398' title='bbox 536 3840 752 3902; x_wconf 79' lang='lat' dir='ltr'>interpretandum</span> <span class='ocrx_word' id='word_1_399' title='bbox 772 3838 873 3888; x_wconf 86' lang='lat' dir='ltr'>uidetur</span> <span class='ocrx_word' id='word_1_400' title='bbox 890 3838 1014 3902; x_wconf 77' lang='lat' dir='ltr'>‘probauit</span> <span class='ocrx_word' id='word_1_401' title='bbox 1035 3839 1106 3901; x_wconf 82' lang='lat' dir='ltr'>quusi</span> <span class='ocrx_word' id='word_1_402' title='bbox 1129 3840 1238 3888; x_wconf 78' lang='lat' dir='ltr'>coticula</span> <span class='ocrx_word' id='word_1_403' title='bbox 1255 3855 1310 3890; x_wconf 86' lang='lat' dir='ltr'><strong>uer-</strong></span> 
     </span>
     <span class='ocr_line' id='line_1_41' title="bbox 139 3908 1309 3988; baseline 0.001 -18"><span class='ocrx_word' id='word_1_404' title='bbox 139 3922 207 3983; x_wconf 91' lang='lat' dir='ltr'><em>bum,</em></span> <span class='ocrx_word' id='word_1_405' title='bbox 224 3929 253 3970; x_wconf 92' lang='lat' dir='ltr'><em>ut</em></span> <span class='ocrx_word' id='word_1_406' title='bbox 269 3921 349 3971; x_wconf 87' lang='lat' dir='ltr'>simile</span> <span class='ocrx_word' id='word_1_407' title='bbox 367 3922 438 3972; x_wconf 83' lang='lat' dir='ltr'><strong>fieret</strong></span> <span class='ocrx_word' id='word_1_408' title='bbox 459 3928 499 3965; x_wconf 86' lang='grc' dir='ltr'><em>τοι</em></span> <span class='ocrx_word' id='word_1_409' title='bbox 531 3925 557 3967; x_wconf 92' lang='grc' dir='ltr'><em>σ.</em></span> <span class='ocrx_word' id='word_1_410' title='bbox 580 3908 702 3966; x_wconf 79' lang='grc' dir='ltr'><em>πάθει</em></span> <span class='ocrx_word' id='word_1_411' title='bbox 695 3938 712 3973; x_wconf 94' lang='grc' dir='ltr'><em>ι</em></span> <span class='ocrx_word' id='word_1_412' title='bbox 730 3937 751 3973; x_wconf 85' lang='lat' dir='ltr'><strong>e</strong></span> <span class='ocrx_word' id='word_1_413' title='bbox 770 3922 820 3970; x_wconf 81' lang='lat' dir='ltr'><em>tale</em></span> <span class='ocrx_word' id='word_1_414' title='bbox 837 3921 955 3970; x_wconf 83' lang='lat' dir='ltr'><em>formauit</em></span> <span class='ocrx_word' id='word_1_415' title='bbox 975 3921 1088 3981; x_wconf 85' lang='lat' dir='ltr'><strong>uerbum,</strong></span> <span class='ocrx_word' id='word_1_416' title='bbox 1106 3922 1204 3985; x_wconf 92' lang='lat' dir='ltr'><em>quod</em></span> <span class='ocrx_word' id='word_1_417' title='bbox 1197 3938 1249 3972; x_wconf 83' lang='lat' dir='ltr'><em>mm</em></span> <span class='ocrx_word' id='word_1_418' title='bbox 1265 3938 1309 3988; x_wconf 88' lang='lat' dir='ltr'><em>per</em></span> 
     </span>
     <span class='ocr_line' id='line_1_42' title="bbox 142 3966 1309 4070; baseline 0.002 -17"><span class='ocrx_word' id='word_1_419' title='bbox 142 4020 169 4053; x_wconf 86' lang='lat' dir='ltr'><em>se</em></span> <span class='ocrx_word' id='word_1_420' title='bbox 187 4004 269 4068; x_wconf 87' lang='lat' dir='ltr'>ipsum</span> <span class='ocrx_word' id='word_1_421' title='bbox 287 4014 317 4050; x_wconf 91' lang='grc' dir='ltr'><em>το</em></span> <span class='ocrx_word' id='word_1_422' title='bbox 344 4010 370 4050; x_wconf 90' lang='grc' dir='ltr'><em>σ.</em></span> <span class='ocrx_word' id='word_1_423' title='bbox 392 3966 496 4063; x_wconf 81' lang='grc' dir='ltr'><em>πάθος</em></span> <span class='ocrx_word' id='word_1_424' title='bbox 514 4003 691 4070; x_wconf 78' lang='lat' dir='ltr'>significaret);</span> <span class='ocrx_word' id='word_1_425' title='bbox 706 4005 881 4064; x_wconf 86' lang='lat' dir='ltr'>deThuc55,</span> <span class='ocrx_word' id='word_1_426' title='bbox 897 4007 917 4064; x_wconf 90' lang='lat'>1,</span> <span class='ocrx_word' id='word_1_427' title='bbox 935 4006 1018 4067; x_wconf 84' lang='lat' dir='ltr'>p.2l5</span> <span class='ocrx_word' id='word_1_428' title='bbox 1038 4004 1091 4063; x_wconf 75' lang='lat' dir='ltr'><em>Kr,</em></span> <span class='ocrx_word' id='word_1_429' title='bbox 1109 4005 1151 4052; x_wconf 92' lang='lat' dir='ltr'>ubi</span> <span class='ocrx_word' id='word_1_430' title='bbox 1170 4005 1262 4054; x_wconf 83' lang='lat' dir='ltr'>dicitnr</span> <span class='ocrx_word' id='word_1_431' title='bbox 1279 4007 1309 4055; x_wconf 84' lang='lat' dir='ltr'><em>de</em></span> 
     </span>
     <span class='ocr_line' id='line_1_43' title="bbox 141 4070 1308 4175; baseline 0 -44"><span class='ocrx_word' id='word_1_432' title='bbox 141 4082 315 4133; x_wconf 84' lang='grc' dir='ltr'><em>κατασκευαι</em></span> <span class='ocrx_word' id='word_1_433' title='bbox 351 4070 650 4151; x_wconf 76' lang='grc' dir='ltr'><em>αἰνιγματωδεις...</em></span> <span class='ocrx_word' id='word_1_434' title='bbox 683 4078 733 4132; x_wconf 78' lang='grc' dir='ltr'><em>καί</em></span> <span class='ocrx_word' id='word_1_435' title='bbox 723 4072 842 4132; x_wconf 79' lang='grc' dir='ltr'><em>λπολυ</em></span> <span class='ocrx_word' id='word_1_436' title='bbox 877 4071 908 4132; x_wconf 80' lang='grc' dir='ltr'><em>τὸ</em></span> <span class='ocrx_word' id='word_1_437' title='bbox 940 4074 1198 4175; x_wconf 74' lang='grc' dir='ltr'><em>βεβασανισμένον</em></span> <span class='ocrx_word' id='word_1_438' title='bbox 1228 4088 1308 4152; x_wconf 79' lang='lat' dir='ltr'>(sylb</span> 
     </span>
     <span class='ocr_line' id='line_1_44' title="bbox 140 4151 1309 4259; baseline 0.001 -41"><span class='ocrx_word' id='word_1_439' title='bbox 140 4171 260 4259; x_wconf 75' lang='lat' dir='ltr'><em>proponit</em></span> <span class='ocrx_word' id='word_1_440' title='bbox 289 4159 500 4236; x_wconf 84' lang='grc' dir='ltr'><em>βεβιασμένον)</em></span> <span class='ocrx_word' id='word_1_441' title='bbox 536 4164 585 4218; x_wconf 91' lang='grc' dir='ltr'><em>και</em></span> <span class='ocrx_word' id='word_1_442' title='bbox 620 4154 651 4216; x_wconf 84' lang='grc' dir='ltr'><em>τὸ</em></span> <span class='ocrx_word' id='word_1_443' title='bbox 673 4159 901 4255; x_wconf 76' lang='grc' dir='ltr'><em>σολοικοφανὲς</em></span> <span class='ocrx_word' id='word_1_444' title='bbox 936 4151 967 4217; x_wconf 80' lang='grc' dir='ltr'><em>ἒν</em></span> <span class='ocrx_word' id='word_1_445' title='bbox 1001 4160 1061 4229; x_wconf 79' lang='grc' dir='ltr'><em>τοῖς</em></span> <span class='ocrx_word' id='word_1_446' title='bbox 1097 4162 1309 4234; x_wconf 84' lang='grc' dir='ltr'><em>σχηματισμοῖς</em></span> 
     </span>
     <span class='ocr_line' id='line_1_45' title="bbox 141 4234 1307 4319; baseline 0.003 -21"><span class='ocrx_word' id='word_1_447' title='bbox 141 4240 266 4319; x_wconf 75' lang='grc' dir='ltr'><em>ἔχουσαι.</em></span> <span class='ocrx_word' id='word_1_448' title='bbox 301 4255 467 4319; x_wconf 83' lang='lat' dir='ltr'>Relinquitur,</span> <span class='ocrx_word' id='word_1_449' title='bbox 485 4263 512 4304; x_wconf 87' lang='lat' dir='ltr'><em>ut</em></span> <span class='ocrx_word' id='word_1_450' title='bbox 528 4255 646 4306; x_wconf 81' lang='lat' dir='ltr'>adiectiui</span> <span class='ocrx_word' id='word_1_451' title='bbox 665 4234 870 4318; x_wconf 78' lang='grc' dir='ltr'><em>ἁβασανιστος</em></span> <span class='ocrx_word' id='word_1_452' title='bbox 889 4269 1008 4303; x_wconf 83' lang='grc' dir='ltr'><em>ιιιοιιοειιιι</em></span> <span class='ocrx_word' id='word_1_453' title='bbox 1029 4255 1060 4303; x_wconf 86' lang='lat' dir='ltr'><em>de</em></span> <span class='ocrx_word' id='word_1_454' title='bbox 1079 4268 1108 4302; x_wconf 83' lang='lat' dir='ltr'><em>eo</em></span> <span class='ocrx_word' id='word_1_455' title='bbox 1133 4254 1259 4304; x_wconf 80' lang='lat' dir='ltr'>rhetorice</span> <span class='ocrx_word' id='word_1_456' title='bbox 1283 4256 1307 4303; x_wconf 93' lang='lat' dir='ltr'>ni</span> 
     </span>
     <span class='ocr_line' id='line_1_46' title="bbox 141 4338 1308 4404; baseline 0.001 -17"><span class='ocrx_word' id='word_1_457' title='bbox 141 4339 208 4399; x_wconf 84' lang='lat' dir='ltr'>dicti,</span> <span class='ocrx_word' id='word_1_458' title='bbox 226 4341 301 4404; x_wconf 90' lang='lat' dir='ltr'>‘quod</span> <span class='ocrx_word' id='word_1_459' title='bbox 319 4354 371 4388; x_wconf 92' lang='lat' dir='ltr'><em>non</em></span> <span class='ocrx_word' id='word_1_460' title='bbox 389 4348 442 4388; x_wconf 83' lang='lat' dir='ltr'><em>orte</em></span> <span class='ocrx_word' id='word_1_461' title='bbox 461 4347 487 4389; x_wconf 86' lang='lat' dir='ltr'><em>et</em></span> <span class='ocrx_word' id='word_1_462' title='bbox 502 4340 585 4389; x_wconf 89' lang='lat' dir='ltr'>studio</span> <span class='ocrx_word' id='word_1_463' title='bbox 604 4339 760 4388; x_wconf 79' lang='lat' dir='ltr'><em>elaboratum</em></span> <span class='ocrx_word' id='word_1_464' title='bbox 785 4347 822 4388; x_wconf 87' lang='lat' dir='ltr'><em>est</em></span> <span class='ocrx_word' id='word_1_465' title='bbox 842 4340 868 4388; x_wconf 91' lang='lat' dir='ltr'>in</span> <span class='ocrx_word' id='word_1_466' title='bbox 887 4340 1009 4398; x_wconf 85' lang='lat' dir='ltr'>oratione,</span> <span class='ocrx_word' id='word_1_467' title='bbox 1027 4339 1071 4387; x_wconf 82' lang='lat' dir='ltr'><em>sed</em></span> <span class='ocrx_word' id='word_1_468' title='bbox 1090 4338 1198 4387; x_wconf 79' lang='lat' dir='ltr'>naturali</span> <span class='ocrx_word' id='word_1_469' title='bbox 1216 4339 1308 4403; x_wconf 91' lang='lat' dir='ltr'>simpli·</span> 
     </span>
     <span class='ocr_line' id='line_1_47' title="bbox 131 4422 1306 4490; baseline 0.003 -22"><span class='ocrx_word' id='word_1_470' title='bbox 131 4422 209 4472; x_wconf 79' lang='lat' dir='ltr'>citate</span> <span class='ocrx_word' id='word_1_471' title='bbox 231 4424 340 4486; x_wconf 80' lang='lat' dir='ltr'><em>gundet&#39;</em></span> <span class='ocrx_word' id='word_1_472' title='bbox 360 4425 454 4490; x_wconf 76' lang='lat' dir='ltr'>(lim),</span> <span class='ocrx_word' id='word_1_473' title='bbox 476 4425 544 4489; x_wconf 92' lang='lat' dir='ltr'><em>quod</em></span> <span class='ocrx_word' id='word_1_474' title='bbox 571 4423 721 4490; x_wconf 79' lang='lat' dir='ltr'>perspiritur</span> <span class='ocrx_word' id='word_1_475' title='bbox 743 4425 775 4474; x_wconf 82' lang='lat' dir='ltr'><em>do</em></span> <span class='ocrx_word' id='word_1_476' title='bbox 797 4431 849 4474; x_wconf 77' lang='lat' dir='ltr'>uei.</span> <span class='ocrx_word' id='word_1_477' title='bbox 867 4424 952 4486; x_wconf 83' lang='lat' dir='ltr'>seript.</span> <span class='ocrx_word' id='word_1_478' title='bbox 971 4439 994 4473; x_wconf 82' lang='lat' dir='ltr'><em>o.</em></span> <span class='ocrx_word' id='word_1_479' title='bbox 1015 4425 1041 4481; x_wconf 68' lang='grc'><em>3,</em></span> <span class='ocrx_word' id='word_1_480' title='bbox 1057 4426 1081 4481; x_wconf 73' lang='lat' dir='ltr'><em>i,</em></span> <span class='ocrx_word' id='word_1_481' title='bbox 1099 4439 1125 4486; x_wconf 84' lang='lat' dir='ltr'><em>p.</em></span> <span class='ocrx_word' id='word_1_482' title='bbox 1142 4425 1199 4483; x_wconf 78' lang='lat'>425,</span> <span class='ocrx_word' id='word_1_483' title='bbox 1220 4429 1246 4474; x_wconf 93' lang='lat'><em>11</em></span> <span class='ocrx_word' id='word_1_484' title='bbox 1267 4424 1306 4474; x_wconf 68' lang='lat' dir='ltr'><em>rt:</em></span> 
     </span>
    </p>
   </div>
   <div class='ocr_carea' id='block_1_7' title="bbox 114 4492 1323 4586">
    <p class='ocr_par' dir='ltr' id='par_1_7' title="bbox 114 4492 1323 4586">
     <span class='ocr_line' id='line_1_48' title="bbox 114 4492 1323 4586; baseline 0.001 -32"><span class='ocrx_word' id='word_1_485' title='bbox 114 4492 232 4578; x_wconf 68' lang='grc' dir='ltr'><em>ν’ἆοηη.</em></span> <span class='ocrx_word' id='word_1_486' title='bbox 248 4545 281 4564; x_wconf 87' lang='grc'><em>..</em></span> <span class='ocrx_word' id='word_1_487' title='bbox 311 4507 366 4563; x_wconf 83' lang='grc' dir='ltr'><strong><em>καί</em></strong></span> <span class='ocrx_word' id='word_1_488' title='bbox 387 4501 432 4585; x_wconf 64' lang='lat' dir='ltr'>trgi</span> <span class='ocrx_word' id='word_1_489' title='bbox 459 4501 573 4586; x_wconf 81' lang='grc' dir='ltr'><em>ἀφελεῖ</em></span> <span class='ocrx_word' id='word_1_490' title='bbox 601 4501 744 4586; x_wconf 81' lang='grc' dir='ltr'><em>αὑτοφυεῖ</em></span> <span class='ocrx_word' id='word_1_491' title='bbox 776 4499 970 4582; x_wconf 61' lang='lat' dir='ltr'><em>&amp;deserturus</em></span> <span class='ocrx_word' id='word_1_492' title='bbox 1001 4496 1105 4575; x_wconf 67' lang='grc' dir='ltr'><em>μυνριῖι</em></span> <span class='ocrx_word' id='word_1_493' title='bbox 1139 4495 1323 4572; x_wconf 64' lang='lat' dir='ltr'><em>dissepultum</em></span> 
     </span>
    </p>
   </div>
   <div class='ocr_carea' id='block_1_8' title="bbox 0 0 1426 4806">
    <p class='ocr_par' dir='ltr' id='par_1_8' title="bbox 0 0 1426 4806">
     <span class='ocr_line' id='line_1_49' title="bbox 0 0 1426 4806; baseline 0 0"><span class='ocrx_word' id='word_1_494' title='bbox 0 0 1426 4806; x_wconf 95' lang='lat' dir='ltr'><em> </em></span> 
     </span>
    </p>
   </div>
  </div>
 </body>
</html>
