2842 4806
726 160 766 224 33

160 364 321 436 Demosth.
344 372 394 446 46,
416 391 446 453 p.
472 370 561 444 1099,
583 372 603 433 5
626 367 676 434 R:
699 364 783 453 πρός
801 369 918 450 χρῶμα
939 364 1073 431 ἕκαστον
1095 358 1147 429 del
1170 366 1328 450 σχηματί-

159 466 217 546 ζον
237 468 401 555 τὸνλόγον
415 463 495 555 (pro
503 473 618 555 χρῶμα
630 468 862 534 conuenientius
872 468 1001 532 fortasse
1015 467 1154 551 legemus
1168 465 1328 554 χρῆμάθ)

262 597 324 664 Sed
345 597 566 683 adgrediamur
585 598 645 661 ium
669 597 708 660 ad
730 596 825 660 uerba
847 593 1055 680 χρτοννόναι
1077 605 1107 658 et
1129 614 1328 680 σογχρτον-

151 688 212 756 νόν
221 720 281 776 αι,
303 721 436 782 quorum
458 697 535 763 illud
556 699 589 761 in
612 699 757 783 Dionysii
771 697 891 782 scriptis
914 694 1072 760 rhetoricis
1093 695 1225 781 figurate
1239 715 1329 758 usur-

150 802 270 876 patum
301 800 415 884 legitur
443 800 481 863 de
516 801 620 865 isocr.·
640 799 702 863 iud.
736 803 783 876 13,
812 821 841 883 p.
864 800 977 875 560,4
1004 795 1056 864 R:
1087 789 1237 873 ἅπαντας
1265 790 1328 881 γάρ

149 887 304 976 &incusor
335 899 412 978 τοὺς
443 901 558 985 λόγους
592 895 690 965 αὐτοῦ
719 911 790 978 τοῖς
820 896 933 975 αὐτοῖς
959 896 1098 982 τρόποις
1128 898 1185 983 της
1213 896 1329 975 λέξεως

147 1007 407 1084 κεχριοσμίνονς,
439 1002 498 1065 hoc
529 1002 636 1065 ualens
656 996 736 1064 ‘eam
769 1000 927 1064 colorandi
955 1012 1062 1076 artem,
1092 1020 1154 1082 qua
1186 997 1327 1062 umbram

147 1117 227 1161 curn
260 1102 424 1168 luminibus
451 1103 493 1166 ita
524 1113 725 1188 componunt,
756 1114 790 1167 ut
810 1102 921 1165 horum
943 1102 983 1166 ad
1009 1102 1093 1166 illam
1120 1099 1266 1162 transitus
1298 1109 1329 1162 et

145 1204 362 1288 utrorumque
398 1205 575 1268 coniunctio
605 1205 707 1266 minus
735 1225 752 1266 e
781 1203 920 1267 colorum
951 1201 1127 1265 discrimine
1158 1221 1230 1264 cum
1258 1199 1328 1284 ipso

145 1294 273 1368 effectu
287 1307 442 1390 appareat
457 1304 601 1389 (Stirpis),
621 1298 692 1371 ‘but
709 1301 1128 1387 Qumiidterr,ffieridrmr15cn
1150 1302 1201 1368 bet
1222 1299 1328 1384 {turbe

145 1398 200 1463 lt&
238 1407 349 1488 dichteo
371 1406 432 1472 um
455 1406 508 1471 bct
531 1405 709 1488 &mellend
733 1405 841 1486 (Era.)
868 1404 907 1467 de
933 1426 957 1470 c.
978 1425 1008 1470 u.
1030 1406 1082 1478 23,
1103 1425 1133 1487 p.
1156 1406 1218 1468 364
1239 1401 1328 1469 sch:

144 1501 213 1563 ταῦ
221 1511 259 1571 θ’
280 1503 332 1573 ότι
354 1506 564 1590 συνείληπται
585 1508 639 1570 καὶ
662 1510 965 1589 συγκέχρωσται...
988 1500 1027 1567 τὸ
1049 1496 1166 1587 άλογον
1187 1500 1329 1589 ἐπιμαρ-

143 1619 254 1686 τυρεῖ
278 1612 335 1696 τῆς
363 1601 462 1694 άκοης
488 1606 612 1684 πάθος.
655 1606 728 1670 Ηοο
757 1606 826 1669 loco
855 1605 1026 1690 Dionysius
1054 1626 1131 1668 uoce
1159 1605 1262 1681 utitur,
1282 1598 1329 1668 ‘ut

142 1698 312 1783 significet
338 1709 504 1773 dictionem
528 1709 714 1772 lsocrateam
738 1728 845 1770 omnes
870 1705 999 1770 uirtutes
1026 1727 1078 1770 eas
1103 1705 1225 1783 habere,
1248 1727 1329 1789 qnae

143 1800 219 1869 Sint
245 1812 395 1876 συνθέσει
416 1811 568 1896 γλαφνρᾷ
589 1812 643 1874 καὶ
666 1804 797 1894 άνθηρᾷ
820 1807 972 1892 propriae.
1004 1807 1098 1870 Hunc
1123 1818 1226 1871 autem
1256 1805 1329 1871 σόν-

144 1903 258 1975 θεσιν
277 1912 413 1996 primum
434 1913 477 1975 ita
505 1910 658 1986 describit,
681 1920 715 1974 ut
743 1919 856 1973 statuat
876 1909 908 1971 in
937 1929 973 1971 ea
1001 1907 1076 1971 nihil
1098 1930 1164 1971 esse
1185 1928 1328 1993 asperum

145 2015 210 2070 Μ
243 2013 369 2077 moleste
401 2014 539 2076 eminens
565 2022 618 2075 ant
647 2011 834 2074 disiunctum
865 2009 1003 2094 partibus
1035 2019 1065 2073 et
1092 2007 1246 2086 membris,
1274 2009 1329 2073 sed

149 2114 264 2177 omnia
284 2114 375 2190 leuia,
398 2113 503 2176 mollia
525 2113 722 2195 suauiterque
753 2112 857 2174 iuncta
884 2132 1047 2197 apparere:
1076 2109 1160 2176 ἔοικέ
1185 2134 1220 2175 τε
1245 2108 1329 2175 κατά

156 2210 257 2279 τοῦτο
287 2211 326 2278 τό
352 2218 451 2297 μέρος
479 2207 641 2299 εὐητρίοις
672 2207 773 2297 όφαῖς
795 2207 814 2297 ἢ
842 2224 986 2298 γραφαῖς
1015 2215 1266 2298 συνεφθαρμένα
1287 2208 1329 2276 τά

162 2313 303 2418 φωτεινὰ
325 2327 397 2391 τοῖς
419 2326 560 2395 σκιεροῖς
575 2307 879 2399 ἓχοόσαιςήεόφιονά
899 2337 934 2377 τε
948 2312 1102 2394 βούλεται
1117 2306 1199 2377 εἶναι
1220 2311 1329 2377 πάντα

161 2408 304 2497 θνόματα
325 2418 380 2480 καὶ
409 2417 479 2480 λεῖα
508 2418 562 2480 καὶ
583 2412 713 2496 μαλακά
743 2416 798 2479 καὶ
827 2412 1037 2499 παρθενωπά
1066 2425 1121 2481 etc.
1138 2464 1144 2477 .
1162 2458 1192 2477 ..
1239 2412 1330 2495 Quae

156 2501 256 2587 igitur
273 2519 305 2581 in
328 2517 387 2579 hoc
410 2518 494 2579 omni
519 2517 588 2579 loco
614 2516 728 2599 insigni
756 2515 904 2579 uarietate
933 2536 1007 2578 usus
1028 2515 1149 2579 dixerat
1171 2514 1330 2600 συνυφάν-

153 2605 237 2692 θαι,
257 2616 495 2702 συνηρμόσθαι,
519 2618 722 2696 συνεξέσθαι,
751 2613 978 2701 κεράννυσθαι,
1001 2624 1034 2677 ut
1063 2615 1179 2694 λέξεως
1205 2617 1330 2703 γλαφυ-

150 2761 372 2785 χ,-

147 2812 209 2878 td»
234 2824 397 2904 Ἡρόδοτον
422 2845 468 2907 (sc.
487 2829 537 2889 τοῦ
563 2827 765 2906 Θουκυδίδου)
793 2818 978 2909 εὑρίσκομεν.
1013 2843 1126 2892 Alteram
1144 2845 1261 2894 uocabuii
1279 2845 1330 2894 uim

148 2910 270 2976 ‘temere’
296 2928 420 2978 cernimus
439 2929 469 2978 de
488 2944 509 2979 o.
527 2945 550 2979 u.
568 2931 609 2989 25,
626 2945 649 2992 p.
668 2930 717 2980 408
734 2928 802 2980 Scit:
829 2911 879 2972 τοῦ
898 2908 992 2988 μηδὲν
1013 2912 1076 2987 tim}
1103 2918 1153 2972 καί
1178 2911 1328 2992 ἀβασανί-

144 3004 235 3075 σῖως
252 3008 368 3065 τιθέναι
388 3002 452 3083 μήτ’
474 3001 568 3083 ὄνομα
588 3003 653 3088 μηδ
674 3004 809 3082 ἐννόημα.

262 3120 281 3183 Ι)
301 3120 420 3170 Ceterum
439 3123 514 3170 etiarn
533 3137 622 3170 sensus
639 3122 749 3170 musicus
767 3121 838 3170 uocis
853 3104 965 3186 χρῶμα
983 3121 1092 3171 cernitur
1109 3120 1141 3168 de
1158 3121 1184 3168 ui
1202 3120 1275 3171 Dem.
1289 3121 1329 3183 48,

136 3198 165 3245 Ρ·
199 3201 275 3265 1103,
296 3207 325 3255 12
343 3205 372 3256 R.
407 3206 503 3254 Eadem
521 3220 584 3254 uoco
603 3206 756 3269 significatur
773 3205 923 3254 ‘rhetoribus
940 3206 1038 3269 graecis
1056 3220 1136 3268 genus
1155 3205 1256 3267 aliquod
1275 3221 1330 3255 ora·

136 3269 239 3334 tiOnis
254 3288 383 3352 figuratae,
401 3305 451 3353 qua
473 3290 603 3350 efficimus,
621 3297 658 3352 ut,
686 3306 750 3353 quae
773 3290 886 3348 dicimus,
909 3290 1020 3353 gratiosa
1042 3291 1092 3338 sint
1114 3289 1270 3338 auditoribus
1288 3290 1329 3340 uel

134 3355 245 3420 minus
272 3374 361 3422 saltem
391 3374 527 3433 offendunt,
557 3389 633 3436 quum
665 3375 686 3422 si
718 3375 828 3438 apertius
862 3382 886 3424 et
914 3375 1015 3423 liberius
1050 3374 1199 3421 dicerentur.
1232 3373 1329 3438 Nempe

132 3431 297 3516 Dionysius
310 3432 380 3516 ἅγιά
384 3465 440 3500 νων
452 3440 708 3520 ἒσχηματισμένοιν
725 3473 743 3506 s.
766 3457 994 3506 controuersiarum
1011 3454 1052 3504 uel
1076 3455 1218 3504 orationum
1239 3456 1330 3520 figura·

131 3522 243 3586 tal'um
259 3541 283 3588 in
302 3550 347 3590 art.
366 3542 427 3591 rhet.
448 3557 466 3591 c.
487 3544 501 3593 8
521 3551 545 3590 et
562 3543 577 3593 9
595 3551 645 3591 tros
663 3544 753 3592 modos
777 3551 902 3591 recenset:
931 3541 955 3603 1)
981 3541 1022 3603 qui
1045 3540 1106 3589 dicit
1127 3540 1194 3588 alind
1222 3541 1328 3591 dicendo

129 3599 231 3692 qiud
257 3626 333 3674 elficit
367 3627 395 3683 2)
425 3628 551 3674 contraria
577 3628 684 3675 dicendo
714 3627 839 3676 contraria
868 3625 944 3676 elficit
968 3624 994 3686 3)
1023 3626 1142 3674 decenter
1165 3631 1190 3673 et
1216 3628 1329 3689 speciose

129 3680 160 3728 dr
168 3699 232 3756 cit.
248 3707 303 3756 Hoc
320 3709 435 3757 ultimum
453 3708 574 3772 imprimis
588 3693 701 3774 χρῶμα
719 3710 825 3759 ὁππότ’
843 3710 931 3774 (Em).
961 3709 1039 3760 Cuius
1052 3686 1215 3773 χρώματος
1233 3709 1330 3758 metho-

128 3763 208 3844 ‘Juss
233 3805 246 3837 u
271 3792 372 3840 rhetore
393 3792 637 3855 (1.c.V1113in.)
660 3795 696 3841 sic
719 3793 876 3845 describitur:
899 3777 948 3837 τοῦ
978 3779 1033 3855 μὲν
1061 3762 1117 3836 οδν
1146 3779 1330 3854 καλουμένου

125 3848 218 3910 ωῗό
236 3859 290 3919 ub
310 3854 429 3920 πολλῶν
446 3855 610 3942 χρώματος
637 3857 699 3922 οὔτε
725 3858 970 3943 ἀποτετραμμένη
999 3855 1062 3919 οὔτε
1086 3858 1197 3938 χαλεπὴ
1224 3863 1328 3937 μέθο-

155 3951 226 4017 Ος·
246 3949 385 4011 ἐπιείκεια
406 3949 464 4031 γάρ
485 3957 683 4033 προςτεθεῖσα
704 3958 763 4026 τοῖς
784 3949 889 4032 λόγοις
912 3959 961 4012 καλ
982 3950 1013 4012 τό
1035 3949 1272 4012 ὑποστέλλεσθαι
1292 3951 1328 4032 τῇ

127 4033 311 4128 παρρησίη
333 4050 383 4104 καί
406 4037 476 4103 αὐτά
511 4043 597 4105 τοῦτο
627 4043 658 4105 τό
681 4044 839 4106 αἰδεῖσθαι
866 4047 1097 4126 προςποιεῖσθαι
1122 4050 1171 4103 καί
1195 4042 1227 4105 τό
1249 4041 1328 4122 ὃμο-

128 4105 258 4202 λΟγεῖν
276 4136 317 4213 μη
340 4132 513 4212 βούλεσθαι
535 4136 695 4218 τολμηρῶς
715 4136 784 4216 μηδ’
807 4136 1094 4213 άποκεκαλυμμένιας
1118 4139 1211 4212 λέγειν
1234 4134 1249 4212 ἡ
1269 4142 1328 4212 μέ·
1414 4192 1420 4217 .-

171 4222 256 4300 Οδός
277 4227 337 4288 ἔστι
357 4227 417 4288 τῶν
431 4223 573 4288 τοιοότων
594 4223 707 4306 λόγων·
726 4236 848 4306 μεγίστη
871 4229 903 4289 δὲ
924 4235 976 4289 καί
989 4229 1142 4306 βαθυτάτη
1164 4222 1196 4290 ἓν
1216 4224 1330 4304 τοότοις

128 4306 221 4407 τοῖς
240 4315 346 4396 λόγοις
365 4318 503 4395 μέθοδος
524 4318 554 4380 τό
577 4320 675 4404 ἑτέρας
698 4323 791 4394 αἰτίας
819 4318 1030 4401 ὑποβαλέσθαι
1059 4315 1248 4399 εὐσχήμονας
1270 4320 1332 4400 nod

128 4389 219 4457 των
234 4397 403 4462 δίίίῑθῐόίϊίυί
423 4398 534 4480 λόγων·
572 4422 645 4471 Idem
666 4421 722 4473 fere
739 4421 851 4472 ‘coloris‘
875 4437 968 4472 sensus
994 4419 1107 4469 cernitur
1130 4417 1204 4478 apuu
1216 4415 1360 4474 Quintiis·

116 4475 209 4542 ¹¹¹¹1a
224 4496 293 4563 (uide
308 4501 455 4552 Ernestium
477 4521 498 4558 s.
518 4507 557 4574 u.)
576 4516 601 4558 et
619 4525 750 4576 persaepe
769 4512 799 4559 'm
817 4509 926 4560 Annaei
942 4506 1067 4558 Senecae
1079 4501 1162 4550 lintis
1175 4491 1334 4546 memr'xs'xs.
