2842 4806
603 235 626 241 -
643 146 815 243 A„

119 374 211 429 νικος
242 355 299 435 μὲν
334 351 395 438 γὰρ
430 349 446 416 ὁ
476 351 675 430 διαλεκτικὸς
710 351 765 440 την
797 349 894 438 άλλην
925 349 1121 440 κατασκευὴν
1153 352 1292 419 ἐπαινῶν

121 449 264 540 τάνδρός
299 460 352 540 (so.
383 449 597 539 Ἰσοκράτους)
632 460 796 542 μέμφεται
838 458 894 542 της
928 453 1117 540 καινότητος
1152 456 1293 541 (sortasse

122 558 362 621 conuenientius
394 578 459 620 esse
491 556 659 642 κενότητος
689 557 762 621 dicit
788 557 989 643 Sylburgius)
1015 554 1135 642 ταύτης
1159 558 1294 621 καὶτοῦ

124 662 295 745 φορτικοῦ·
319 660 454 722 ἐοικέναι
476 663 511 723 τέ
533 681 632 744 φησιν
654 653 750 723 αότδν
772 659 933 746 ζωγράφῳ
961 669 1034 735 ταῖς
1056 651 1171 735 αόταῖς
1192 656 1295 747 ἐσθη-

126 781 202 825 σεσι
223 762 275 825 καὶ
298 771 369 837 τοῖς
391 754 503 836 αὐτοῖς
525 758 667 847 σχήμασι
687 760 799 837 πάσας
821 758 1051 842 ἐπικοσμοῦντι
1072 757 1131 838 τάς
1149 759 1294 846 γραφάς;

127 859 169 923 de
192 885 215 928 o.
236 885 265 928 u.
287 865 336 937 23,
364 885 393 946 p.
416 865 476 926 338
500 860 585 927 sen:
608 865 705 927 τοῦτο
735 862 771 927 δὲ
795 864 948 926 ποιοῦσιν
974 862 1008 926 αἱ
1039 864 1102 925 τῶν
1133 855 1295 947 ἁρμονιῶν

126 954 291 1048 ἀκρίβειαι
320 962 433 1044 χρόνον
470 960 631 1047 αἰσθητόν
662 959 775 1028 οόδένα
806 961 861 1027 τὸν
887 959 1008 1045 μεταξὺ
1036 966 1099 1026 τῶν
1128 955 1295 1044 ὀνομάτων

132 1062 363 1147 λαμβάνουσαι·
388 1063 471 1128 ἔοικέ
492 1089 527 1128 τε
555 1063 638 1127 κατά
660 1068 756 1128 τοῦτο
787 1062 825 1128 τδ
846 1069 945 1148 μέρος
966 1057 1127 1150 εὐητρίοις
1153 1059 1295 1152 όφαῖςῆ

132 1178 272 1252 γραφαῖς
294 1169 544 1252 συνεφθαρμένα
566 1163 608 1228 τά
629 1164 773 1252 φωτεινὰ
799 1177 870 1244 τοῖς
895 1177 1038 1246 σκιεροῖς
1063 1163 1227 1249 ἒχοόσαις;
1256 1165 1295 1230 de

136 1266 221 1332 Isaeo
240 1273 268 1345 4,
291 1290 320 1352 p.
343 1269 413 1342 591,
435 1270 456 1330 4
476 1289 535 1349 sq.:
572 1265 637 1331 εἶσὶ
666 1263 704 1350 δή
726 1291 809 1344 τινες
836 1259 970 1352 άρχαῖαι
997 1269 1124 1352 γραφαὶ
1142 1266 1296 1351 χρώμασι

141 1367 192 1449 μὲν
212 1367 414 1452 εἰργασμέναι
445 1361 559 1444 ἁπλῶς
586 1369 640 1433 καὶ
663 1361 816 1450 σίδεμίαν
838 1369 870 1432 ἒν
894 1378 966 1445 τοῖς
985 1371 1143 1451 μίγμασιν
1165 1365 1297 1448 ἔχουσαι

144 1470 303 1545 ποικιλίαν,
337 1461 481 1554 άκριβεῑς
513 1468 548 1532 δὲ
580 1481 653 1546 ταῖς
681 1480 844 1556 γραμμαῖς
874 1471 929 1534 καὶ
959 1465 1044 1532 πολὺ
1066 1464 1105 1532 τδ
1134 1472 1245 1553 χαρίεν
1266 1471 1297 1533 ἒν

146 1569 264 1647 ταύταις
284 1570 426 1649 ἔχουσαι·
449 1568 483 1633 αἱ
506 1570 542 1633 δὲ
562 1573 631 1650 μετ’
646 1568 774 1648 ἐκείνας,
790 1564 971 1654 εὔγραμμοι
991 1570 1048 1650 μὲν
1068 1561 1174 1656 ἧττον,
1195 1566 1297 1655 ε”ξειρ-

147 1675 285 1753 γασμέναι
307 1670 494 1752 δὲμᾶλλον,
519 1674 593 1755 σκιᾷ
615 1696 650 1735 τε
672 1674 725 1736 καὶ
748 1673 836 1758 φωτὶ
857 1669 1103 1752 ποικιλλόμεναι
1125 1672 1178 1734 καὶ
1201 1667 1296 1755 ἐντῷ

148 1768 255 1857 πλήθει
278 1772 342 1835 τῶν
362 1770 532 1854 μιγμάτων
561 1769 616 1859 την
643 1770 730 1854 ἶσχόν
760 1771 901 1853 ἔχουσαι·
923 1770 1045 1835 τοότιον
1073 1770 1130 1851 μὲν
1163 1768 1202 1857 δὴ
1224 1782 1298 1848 ταῖς

152 1864 359 1956 ἀρχαιοτέραις
391 1873 491 1937 ἔοικεν
523 1867 540 1935 ό
573 1877 700 1950 Λυσίας
731 1871 814 1936 κατὰ
842 1870 898 1960 τὴν
925 1866 1095 1958 ἁπλότητα
1122 1875 1165 1957 (u.
1189 1870 1297 1954 Quint.

152 1970 211 2036 Xll
232 1976 274 2050 10,
297 1974 329 2052 3)
351 1974 405 2038 καὶ
432 1970 487 2060 την
510 1972 615 2055 χάριν·
642 1985 715 2050 ταῖς
737 1974 1036 2059 δ’ἒκπεπονημίναις
1064 1975 1175 2038 τεκαὶ
1197 1998 1298 2056 τεχνι-

155 2077 284 2157 κστίραις
306 2068 323 2136 ὃ
343 2067 480 2151 Ἰσαῖος,·
498 2074 536 2137 do
557 2074 589 2137 ui
606 2075 765 2140 Demosth.
781 2077 830 2150 50,
848 2097 879 2159 p.
898 2078 986 2150 1108,
1002 2078 1022 2138 2
1037 2096 1094 2157 sq.:
1118 2074 1169 2139 δεῖ
1184 2069 1297 2160 δἀότῇ

148 2176 199 2247 loo.
221 2178 255 2260 τῇ
295 2167 403 2258 άλόγφ
436 2173 595 2261 αι’σδησει
627 2174 666 2238 ad
699 2175 939 2260 intellegendam
972 2175 1153 2260 ἐμμέλειαν)
1185 2178 1299 2262 τριβῆς

170 2272 254 2361 πολλῇς
288 2277 343 2339 καὶ
375 2274 581 2361 κατηχήσεως
603 2281 744 2361 χρονίου·
769 2270 806 2340 οό
833 2273 895 2361 γάρ
919 2271 957 2363 δη
985 2275 1133 2341 πλάσται
1159 2277 1217 2359 μὲν
1243 2279 1297 2342 καὶ

172 2371 310 2464 ζωγράφων
332 2376 459 2453 παῖδες,
482 2375 512 2441 εἰ
531 2374 575 2463 μη
597 2373 721 2463 πολλὴν
742 2375 911 2460 ἐμπειρίαν
940 2374 1080 2459 λάβοιεν,
1100 2377 1205 2464 χρόνφ
1227 2382 1298 2464 τρί-

168 2484 254 2559 βασες
273 2475 332 2554 τάς
359 2472 490 2561 δράσεις
517 2480 630 2563 μακρῷ
652 2480 729 2562 περὶ
752 2476 811 2555 τάς
836 2480 900 2541 τῶν
926 2471 1069 2564 άρχαίων
1096 2478 1299 2564 δημιουργῶν

165 2579 251 2657 τέχνας,
285 2572 342 2644 οὐκ
379 2574 416 2645 δν
451 2572 594 2656 εόπετιῦς
626 2571 727 2656 αὐτὰς
763 2578 923 2662 διαγνοῖεν
956 2581 1011 2645 καὶ
1047 2573 1103 2644 οόκ
1130 2575 1167 2644 δν
1198 2578 1299 2662 ἔχοιεν

163 2672 239 2743 εἰπεῖν
266 2684 417 2763 βεβαίως,
455 2675 506 2744 ότι
540 2683 578 2764 τῇ
612 2679 702 2766 φήμη
735 2680 983 2763 παραλαβόντες
1013 2682 1106 2745 τουτὶ
1140 2685 1197 2762 μέν
1229 2683 1299 2746 ἐστι

160 2778 345 2848 Πολυκλείτου
374 2778 412 2845 τό
442 2780 542 2865 ἔργον,
575 2783 666 2845 τουτὶ
700 2781 735 2846 δὲ
766 2782 908 2858 Φειδίου,
939 2782 1030 2846 τουτὶ
1065 2774 1298 2864 δῗίλκαμένους·

159 2878 270 2946 κελτῶν
289 2885 424 2969 γραφῶν
438 2881 648 2965 Πολυγνώτου
669 2883 726 2963 μὲν
748 2877 838 2967 αότη,
858 2881 1044 2964 Τιμάνθους
1063 2881 1200 2968 δ’ἕκείνη,
1217 2877 1298 2967 αότη

161 2984 331 3066 Παρρασίου.
355 2982 457 3068 λόγων
479 2974 572 3067 δ’άρά
594 3007 677 3059 τινες
704 2977 845 3068 ἀκριβῶς
867 2981 902 3062 ἒξ
927 2977 1042 3066 όλίγων
1067 2982 1299 3069 παραγγελμά-

159 3100 208 3143 των
227 3086 288 3150 καὶ·
304 3088 504 3171 προςκαίρου
541 3083 745 3171 κατηχήσεως
775 3084 931 3166 ἐμμελοῦς
965 3078 1123 3169 ἁρμονίας
1154 3082 1299 3149 ε’ίσονται

159 3176 274 3270 φόσινῑχ

677 3342 697 3420 ς
720 3342 746 3404 1.

65 3510 71 3589 ρ
239 3493 466 3559 Uocobulorum
499 3495 646 3579 ipsorum,
675 3494 716 3557 ad
744 3513 824 3576 quoe
850 3495 913 3556 iam
939 3503 1139 3572 transeamus,
1161 3495 1298 3579 primum

65 3594 69 3673 l
154 3593 266 3675 χρῶμα
285 3594 536 3681 pertractandum
566 3617 631 3658 esse
653 3594 784 3671 uidetur,
813 3592 899 3677 quod
926 3594 1033 3659 ualens
1056 3590 1140 3658 ‘eum
1162 3595 1298 3660 colorem

65 3704 69 3763 ῑ
157 3690 197 3754 nel
213 3715 273 3760 eam
302 3697 435 3760 formam
456 3707 488 3760 et
516 3697 667 3760 rationem
696 3695 887 3772 elocutionis,
910 3718 972 3779 que
998 3696 1030 3760 in
1058 3697 1216 3761 sententiis
1240 3697 1299 3760 im-

65 3778 67 3821 !
155 3792 241 3875 plinio
270 3799 320 3862 uel
350 3798 497 3861 seueritas
524 3797 574 3860 uel
602 3797 738 3882 grauitas
764 3796 814 3860 uel
844 3797 994 3861 acerbitas
1023 3797 1075 3860 uel
1103 3798 1299 3862 uehementia

155 3890 237 3961 alioue
254 3899 334 3963 illius
356 3899 403 3962 uie
425 3909 455 3962 et
476 3899 595 3962 indoles
617 3907 759 3982 apparet:
788 3896 918 3977 (ἕοῐυιὶῒ,
945 3897 1108 3983 &hamelet
1134 3900 1186 3966 bei
1214 3898 1299 3967 ilio:

156 3988 237 4064 ntuli
256 3999 287 4067 in
315 3997 461 4083 {liicflitiit
483 3999 536 4083 ool
564 3998 652 4067 &ion
678 4000 739 4067 uni
768 3998 936 4070 (leniorne
960 3999 1093 4086 (nmo)
1120 4000 1235 4086 legitur
1259 3999 1298 4064 de

155 4118 343 4133 N*—

236 4156 257 4221 ¹)
272 4156 453 4206 Similitudines
472 4173 504 4207 ex
521 4164 574 4206 arte
592 4157 702 4220 fingendi
720 4163 815 4206 tractae
831 4163 931 4220 praeter
948 4157 1016 4207 huno
1032 4159 1115 4207 locum
1132 4159 1250 4221 leguntur
1268 4160 1299 4208 de

154 4235 308 4292 niDenonth.
325 4257 349 4306 p.
370 4244 440 4301 1112,
460 4244 497 4292 12.
524 4245 594 4302 1114,
612 4244 626 4292 3
644 4241 686 4306 R.;
704 4242 735 4289 de
752 4241 828 4294 Isoor.
848 4241 899 4292 iud.
918 4243 941 4300 3,
958 4258 982 4306 p.
1001 4244 1057 4302 541,
1077 4245 1105 4293 11
1124 4256 1173 4306 oq.;
1188 4243 1220 4292 de
1237 4242 1298 4295 Din.

154 4320 173 4381 λ,
186 4336 207 4386 p.
221 4326 273 4386 644,
291 4329 319 4376 11
338 4326 380 4386 R.;
398 4325 430 4375 do
448 4341 528 4390 comp.
546 4343 570 4378 n.
592 4327 628 4377 10.

235 4406 296 4471 ¹)u.
325 4410 378 4462 cic.
407 4412 438 4460 do
465 4425 500 4462 or.
528 4411 567 4460 lll
592 4411 649 4462 199:
672 4411 724 4458 ‘sed
747 4410 768 4458 si
798 4409 911 4458 habitum
941 4411 1016 4459 etiem
1034 4409 1155 4459 orationis
1181 4418 1206 4460 ot
1227 4411 1299 4473 quoni

152 4490 249 4545 colorem
263 4494 372 4560 eliqnem
388 4496 529 4559 requiritis’,
554 4496 613 4547 100:
631 4495 720 4544 ‘oratio
742 4492 816 4544 clorio
834 4494 960 4544 coloribus
977 4495 1065 4559 plote,
1080 4493 1171 4556 Quini.
1184 4494 1228 4542 Vl
1242 4496 1305 4544 iol·-
