2842 4806
10 4606 20 4759 1

94 401 238 467 Denretr.
261 399 299 464 dc
325 400 362 464 el.
388 404 433 467 15.
456 404 505 466 36.
530 403 620 486 135);
655 398 973 485 έγκαταμιγνύναι
1006 398 1044 463 de
1065 399 1164 464 Thuc.
1189 405 1216 478 7,
1238 401 1267 476 3,

93 526 127 588 p.
152 507 191 567 74
220 501 291 568 Kr.:
328 501 575 586 θοοκυάίάῃ...
609 495 666 583 ούχ
697 496 855 589 ἥρμοττεν
883 500 943 586 ἒγκ.
973 504 1011 587 τῇ
1042 500 1188 590 διηγήσει
1209 499 1269 580 τάς

94 601 280 687 θεατρικάς
301 606 465 689 γοητείας;
488 603 526 666 de
548 625 574 666 c.
597 626 628 670 u.
648 605 699 680 25,
729 625 759 687 p.
781 606 841 669 382
864 602 950 669 Set:
977 603 1048 668 ἔστι
1070 603 1106 668 δέ
1126 627 1177 680 τις
1199 596 1270 668 ἀνο-

97 710 210 786 μασία
232 701 385 791 ποιητικὴ
407 705 682 790 γλωττηματικῶν
702 729 737 769 τε
759 706 812 768 καὶ
836 705 931 783 ξένιον
951 705 1005 768 καὶ
1031 708 1195 789 τροπικῶν
1215 707 1269 771 καὶ
1323 734 1325 738 ·

94 812 342 891 πεποιημένιον,
375 801 424 882 οἷς
451 800 601 892 ἡδύνεται
626 809 762 891 ποίησις
787 805 834 883 εἷς
861 804 971 889 κάρον,
998 803 1271 890 ἐγκαταμιγέντων
1327 856 1329 860 .

94 911 138 992 τῇ
163 901 292 992 ἀμέτρῳ
319 907 402 984 λέξει
434 913 477 986 (u.
504 907 574 973 adn.
601 905 734 991 Uptonii
764 917 795 971 et
815 906 934 971 Reiskii
962 905 1001 968 ad
1033 906 1064 968 h.
1099 907 1143 989 l.),
1175 907 1269 992 paulo

94 1019 183 1092 post.
208 1005 356 1094 ῥυθμούς
377 1031 467 1085 τινας
489 1005 827 1092 έγκαταμιγνυμένους;
849 1005 984 1090 μικτάς
1005 1007 1043 1070 de
1059 1009 1090 1071 ui
1106 1008 1269 1072 Demosth.

91 1114 149 1186 41,
171 1132 201 1194 p.
225 1111 316 1184 1082,
339 1112 357 1173 9
380 1108 430 1175 R.:
460 1112 516 1195 της
539 1109 574 1175 δὲ
600 1114 711 1195 τρίτης
733 1107 899 1196 ἁρμονίας,
929 1105 965 1197 ἢν
999 1107 1078 1195 ἐ’φην
1103 1106 1217 1197 μικτὴν
1239 1110 1273 1189 ἒξ

94 1213 228 1295 ἀμφοῖν
249 1203 331 1274 εἶναι
359 1216 411 1286 (sc.
434 1212 490 1297 τῆς
514 1203 679 1296 αὐστηρᾶς
705 1214 758 1276 καὶ
784 1213 976 1299 γλαφυρᾶς),
999 1211 1020 1279 l.
1040 1232 1065 1275 c.
1096 1215 1124 1289 8,
1147 1235 1177 1296 p.
1200 1215 1269 1288 075,

97 1315 141 1376 16
156 1311 209 1377 Rc
231 1312 285 1374 καὶ
307 1308 363 1374 τὸν
379 1315 568 1398 χαρακτῆρα
590 1315 704 1376 τοῦτον
727 1307 919 1394 άπούίύιυμι
941 1308 1029 1398 αὕτη]
1051 1309 1107 1377 τὸν
1128 1314 1162 1392 ἒξ
1183 1309 1272 1376 άπά-

96 1433 161 1497 σης
181 1408 295 1493 μικτὸν
317 1411 414 1489 ἰδέας,
438 1411 455 1478 l.
478 1435 504 1481 c.
527 1417 576 1489 36,
599 1436 629 1498 p.
654 1416 742 1491 1067,
767 1413 877 1480 1011.ῑ
906 1414 938 1478 οἱ
965 1413 1000 1478 ἀὲ
1023 1419 1193 1492 συνθέντες
1215 1409 1272 1500 ἀφ’

95 1511 256 1596 ἑκατέρας
285 1513 533 1599 χρησιμωτάτην
568 1511 681 1601 μικτὴν
711 1517 765 1579 καὶ
800 1520 899 1600 μέσην
935 1508 1272 1602 έξηλωσαν,ἀγιυγην,·

95 1619 224 1698 μίγμιι
246 1635 293 1698 ep.
315 1614 355 1676 ad
378 1614 436 1681 Cn.
459 1614 570 1700 Pomp.
592 1620 621 1692 2,
644 1619 674 1692 2,
702 1618 732 1700 p.
756 1618 890 1683 15K1·.:
922 1611 941 1703 ἡ
966 1615 1000 1680 δὲ
1023 1613 1061 1703 δὴ
1084 1614 1271 1704 Πλατωνικὴ

97 1713 272 1792 διάλεκτος
302 1714 456 1796 βούλεται
486 1716 544 1797 μὲν
574 1711 657 1782 εἶναι
688 1719 742 1782 καὶ
775 1711 853 1805 arim}
883 1721 988 1800 μίγμα
1021 1715 1177 1801 ἑκατέρων
1209 1719 1273 1780 τιῦν

95 1815 312 1902 χαρακτήρων
333 1819 390 1880 τού
412 1841 447 1881 τε
468 1811 596 1902 ύιγηλού
618 1820 672 1883 καὶ
698 1820 756 1882 τού
784 1817 908 1898 ἷσχνού;
931 1818 1038 1900 μῖξις
1063 1818 1102 1881 de
1125 1839 1149 1884 c.
1172 1840 1200 1884 u.
1223 1820 1272 1894 12,

99 1939 135 2001 p.
161 1920 220 1980 138
243 1915 329 1983 Scir:
362 1917 514 2004 τοιαύτην
536 1916 574 2006 tir}
598 1917 730 2002 ἀύναμιν
758 1918 893 2001 έχύντων
914 1922 977 1983 τῶν
998 1920 1054 2006 τῆς
1076 1919 1192 1997 λέξειας
1212 1941 1273 2000 μο-

99 2021 183 2102 ρίιον
205 2014 316 2103 έπειύη
338 2025 535 2100 μεταθεῖναι
556 2016 612 2106 την
634 2018 770 2084 ἑκάστου
797 2020 895 2108 φύσιν
923 2015 979 2101 ούχ
1001 2015 1070 2083 οἶόν
1091 2043 1135 2095 τε,
1163 2020 1273 2084 λείπε-

100 2141 159 2182 ται
181 2143 219 2202 τη
242 2120 331 2199 μίξει
351 2123 406 2185 καὶ
427 2120 541 2207 κράσει
562 2122 616 2185 καὶ
638 2125 827 2206 παραθέσει
850 2121 1034 2206 συγκρύψαι
1055 2118 1111 2207 τὴν
1128 2143 1274 2204 παρακο-

101 2220 292 2283 λουθοῦσαν
325 2214 430 2284 αὐτῶν
463 2244 548 2286 τισιν
580 2215 722 2286 ἀτοπίαν
753 2227 885 2306 τραχέσι
918 2224 990 2287 λεῖα
1025 2226 1184 2306 μίσγοντα
1218 2223 1273 2285 καὶ

103 2320 256 2405 σκληροῖς
276 2318 406 2401 μαλακά
427 2324 481 2387 καὶ
500 2321 703 2408 κακοφώνοις
727 2317 865 2410 εύφωνα,
888 2323 905 2390 l.
928 2346 952 2390 ο.
976 2327 1024 2400 16,
1046 2346 1076 2408 p.
1098 2327 1160 2387 214
1184 2322 1274 2388 δάκε

100 2421 142 2504 τῇ
164 2420 269 2504 πλοκῇ
292 2424 345 2486 καί
366 2423 454 2504 μίξει
474 2426 527 2487 καὶ
549 2427 737 2504 παραθέσει
753 2430 925 2511 πειρατέον
947 2418 1115 2512 ἀφανίζειν
1136 2421 1192 2511 τὴν
1210 2425 1275 2487 τῶν

96 2519 255 2604 χειρόνων
277 2521 384 2609 φύσιν,
407 2524 425 2590 l.
448 2546 471 2591 e.
493 2529 544 2601 21,
567 2547 596 2609 p.
618 2527 694 2590 290:
724 2521 760 2611 ἢν
785 2534 837 2602 (sc.
864 2523 920 2614 τὴν
941 2530 1052 2611 τρίτην
1072 2521 1178 2612 κοινὴν
1201 2523 1274 2588 ἀιά-
1357 2558 1359 2562 ·

96 2624 224 2706 λεκτον)
248 2617 339 2700 ὅπως
374 2626 456 2693 ποτὲ
487 2629 639 2709 γίνεσθαι
671 2629 772 2712 φαίην
805 2621 842 2689 ἀν
876 2626 973 2710 ἔγωγε
1005 2620 1121 2712 ἀπορφ
1138 2680 1144 2694 .
1160 2680 1188 2693 ..
1220 2627 1274 2689 καὶ

100 2723 182 2803 δίχα
212 2747 271 2805 μοι
302 2724 375 2801 νόος
408 2718 573 2810 ἀτρέκειαν
602 2725 706 2792 εἰπεῖν
735 2724 800 2791 ε’ίτε
831 2726 914 2790 κατὰ
947 2725 1002 2811 τὴν
1032 2732 1182 2813 στέρησιν
1211 2729 1276 2790 τῶν

100 2818 213 2910 ἄκρων
234 2826 387 2912 ἑκατέρας
408 2825 474 2891 εἴτε
495 2825 578 2892 κατὰ
598 2828 694 2910 μῖξιν.
972 2905 974 2909 Ι

210 2925 320 3010 Neque
343 2928 512 2992 omittenda
533 2940 605 2992 sunt
626 2928 779 2994 uocabula
799 2927 992 3015 κεραννύναι,
1017 2922 1180 3014 ε’ύκρατος,
1196 2931 1274 3014 κρᾶ-

98 3054 165 3110 σις,
189 3053 269 3114 quae
291 3030 366 3112 quin
389 3040 419 3092 et
440 3029 507 3115 ipsa
527 3051 568 3114 ex
588 3038 653 3094 arte
682 3029 833 3114 pingendi
856 3029 949 3094 (lucta
977 3030 1047 3106 sint,
1069 3051 1163 3093 nemo
1185 3030 1275 3095 dubi-

97 3133 191 3209 tabit,
220 3133 274 3216 qui
296 3131 373 3197 Luc.
395 3130 487 3214 imag.
518 3137 535 3195 7
565 3131 750 3215 inspexerit,
777 3130 831 3195 ubi
856 3131 932 3195 haec
957 3131 1118 3215 leguntur:
1154 3125 1276 3194 ὁπόσοι

99 3243 156 3313 (sc.
180 3236 243 3297 τιῦν
269 3235 432 3319 γραφέων)
456 3226 589 3315 ἀριστοι
614 3234 754 3314 ἐγένοντο
781 3229 992 3314 κεράσασθαι
1018 3229 1059 3295 τά
1079 3231 1275 3318 χριύματαῐ),

102 3334 216 3400 Ucrbo
245 3335 341 3418 igitur
368 3331 591 3416 κεραννύναι
619 3333 789 3416 Dionysius
815 3333 1026 3416 metaphorica
1052 3331 1276 3415 significatione

100 3436 203 3498 utitur
233 3456 297 3497 non
324 3435 432 3517 paucis
465 3433 540 3496 locis
574 3433 723 3498 scribens:
757 3427 826 3497 ὁδ’
847 3427 1031 3520 Εὐριπίδης
1053 3426 1127 3497 σ’ύτε
1149 3425 1277 3516 ύψηλύς

101 3534 195 3602 ἐστιν
221 3529 295 3599 ούτε
320 3532 382 3622 μὴν
403 3533 504 3612 λιτάς,
534 3528 617 3598 ἀλλά
645 3539 818 3619 κεκραμένη
844 3536 878 3619 τῇ
906 3530 1022 3613 λέξεως
1047 3533 1204 3619 μεσότητι
1226 3537 1277 3597 κέ-

98 3660 223 3723 χρηται
240 3636 278 3699 de
295 3645 355 3701 uet.
370 3636 472 3721 script.
494 3657 518 3701 c.
541 3640 635 3714 2,11,
657 3659 687 3721 p.
709 3639 779 3711 413,
804 3639 842 3700 14
863 3657 908 3717 sq.
923 3634 972 3712 R,
993 3637 1047 3699 καὶ
1070 3626 1145 3698 οὐδὲ
1166 3655 1277 3718 παρα-

100 3739 260 3801 λείπουσι
282 3734 337 3823 την
353 3735 538 3823 σαφήνειαν,
561 3730 644 3800 ἀλλά
665 3741 837 3823 κεκραμένη
858 3738 896 3820 τῇ
918 3735 1074 3821 διαλέκτφ
1087 3732 1278 3820 χριύμενοιέ)

96 3840 126 3901 i.
153 3858 177 3901 e.
197 3832 305 3901 ‘mixto
328 3838 451 3901 dicendi
472 3858 596 3922 genere,
619 3837 704 3920 quod
730 3837 802 3902 alibi
831 3836 942 3900 dicitur
970 3833 1008 3900 τὸ
1033 3829 1142 3918 μέσοέ
1175 3834 1277 3919 (Ern.)

102 3939 126 4003 l.
154 3959 179 4006 ο,
200 3942 228 4015 3,
250 3943 279 4016 4,
302 3962 333 4022 p.
356 3941 426 4015 430,
450 3942 468 4003 5
490 3960 548 4021 sq.,
574 3933 592 4024 ἡ
616 3943 708 4024 τρίτη
730 3940 785 4003 καὶ
806 3943 887 4022 μέση
910 3939 973 4000 τῶν
994 3935 1167 4022 εἰρημένων
1188 3935 1278 4000 ύυοῖν

102 4033 292 4120 ἀρμονιιύν.
309 4093 337 4105 ..
358 4043 549 4123 κεκέρασταί
570 4061 643 4117 πως
659 4038 693 4119 ἐξ
714 4039 840 4106 ἐκείνων
860 4042 1002 4122 μετρίως
1023 4037 1061 4101 de
1083 4059 1108 4104 c.
1130 4059 1158 4100 u.
1175 4040 1225 4113 24,
1247 4057 1278 4120 p.

100 4144 173 4206 370
193 4141 306 4225 Sch.³j;
333 4142 387 4205 καὶ
408 4138 470 4227 μην
490 4139 527 4205 τύ
559 4164 594 4225 γε
615 4144 761 4224 βραχέως
789 4144 932 4228 ἐκφέρειν
958 4136 1000 4204 τά
1026 4136 1174 4226 νοήματα
1193 4134 1278 4219 μετὰ

209 4297 230 4363 ¹)
248 4315 272 4349 u.
291 4300 368 4349 Dion.
387 4301 418 4348 dc
435 4299 461 4347 ui
479 4299 613 4351 Demosth.
631 4300 671 4360 41,
688 4315 713 4363 p.
734 4299 805 4359 1002,
826 4301 855 4349 13
873 4298 903 4349 R.

209 4399 231 4463 ²)
249 4415 283 4450 sc.
303 4385 331 4444 οἱ
354 4385 577 4466 Πυθαγορικοί.
892 4460 894 4464 .

209 4484 231 4545 ³)
249 4483 278 4532 cf.
306 4485 336 4532 dc
360 4484 437 4535 Isocr.
459 4487 482 4545 2,
499 4501 523 4547 p.
542 4485 599 4545 538,
617 4487 632 4536 2
650 4485 693 4545 R.;
717 4485 749 4534 dc
768 4486 792 4533 ui
819 4483 952 4534 Demosth.
977 4484 1000 4542 3,
1018 4495 1042 4544 p.
1060 4483 1121 4541 0511,
1138 4484 1186 4541 11·,
1201 4483 1245 4538 41,
1256 4496 1288 4540 p.

10 4570 13 4579 “
102 4569 183 4628 1082,
201 4571 216 4619 9
234 4568 266 4618 R.
