2842 4806
605 148 817 242 ..L

121 357 208 440 φησὶ
242 352 284 418 τά
311 344 563 440 έζωγραφημένα
598 356 650 419 καὶ
684 359 886 439 κεχρωσμένα
919 351 1051 435 έλέγετο.
1098 350 1188 434 Quae
1221 368 1293 418 sunt

121 456 216 518 etiam
238 455 323 539 apud
345 455 547 540 Hesychium,
577 456 630 539 qui
658 454 801 532 σκότους,
827 463 857 517 et
879 452 1010 519 Suidam
1038 455 1070 517 in
1102 446 1293 520 άπεσκοτω-

120 560 204 637 μένα
225 555 361 640 (Steplr.)
391 556 429 619 de
457 556 554 622 Thuo.
576 560 625 633 52,
649 559 677 632 3,
705 578 735 640 p.
757 557 818 621 208
840 555 912 621 Kr.:
942 557 1171 640 σχηματισμοὶ,
1194 554 1229 635 ἐξ
1250 548 1293 620 ὦν

121 651 142 743 ἦ
168 655 275 720 πάντα
298 658 509 742 λυμαινομένη
532 655 573 721 τά
594 655 677 721 καλοὶ
698 658 752 721 καὶ
774 653 889 721 σκότον
910 660 1098 739 παρέχουσα
1122 668 1196 734 ταῖς
1218 651 1293 741 άρε-

120 769 199 834 ταῖς
230 751 379 844 ἀσάφεια
410 760 580 846 παρηλθεν
613 757 660 836 εἰς
680 781 756 834 τους
776 754 892 840 λόγους
897 758 982 838 ¹et)
971 757 1152 824 tDemetr
1184 757 1292 843 Magn.

119 881 175 943 op.
199 859 291 925 Dion
314 859 352 922 de
374 859 448 926 Din
465 865 543 944 1‚p
565 861 635 935 632,
658 851 800 942 5sq:‘
789 852 878 938 όμως
898 861 1055 922 τοσοῦτον
1082 856 1198 936 σκότος
1219 857 1292 924 έπι-

120 953 325 1035 πόλακεν,”
298 983 382 1024 ιυστε
400 957 512 1041 τοόςγ
515 985 557 1024 ιεν
579 954 696 1036 άλλους
722 953 821 1022 αότοῦ
851 958 1013 1044 λόγους..
1029 954 1262 1044 ,άγνοεῖνγ
1210 982 1291 1042 σμ-υ

118 1063 262 1146 βέβηκεν
286 1057 341 1123 τόν
356 1060 391 1125 δὲ
404 1058 448 1147 μη
463 1066 628 1147 γραφέντα
643 1057 697 1124 ὑπ’
720 1054 819 1124 αὐτοῦ
833 1060 931 1141 μόνον
952 1058 1070 1126 έκείνου
1085 1062 1291 1143 νομίζεσθαι,

122 1161 280 1241 σκοτίζέ
288 1186 322 1225 ιν
344 1161 382 1224 de
404 1161 500 1228 Thuc.
523 1166 573 1238 54,
589 1165 618 1235 3,
641 1183 669 1244 p.
689 1163 748 1224 211
772 1161 843 1227 Kr.:
866 1163 970 1224 ταῦτα
986 1216 992 1228 .
1008 1216 1035 1229 ..
1059 1155 1095 1226 orl
1117 1159 1178 1249 μὴν
1200 1160 1291 1226 έσκό-

120 1266 237 1326 τισταί
258 1285 292 1346 γε
316 1255 384 1326 οὐδ’
409 1255 521 1349 άσαφῆ
544 1265 667 1345 γέγονεν
695 1271 725 1325 et
745 1262 763 1328 l.
786 1283 810 1328 o.
832 1265 932 1339 33,.1,
962 1284 992 1347 p.
1017 1266 1076 1329 160
1096 1262 1167 1328 Κατ
1196 1255 1291 1339 οὗτος

120 1358 140 1425 ό
161 1360 325 1449 χαρακτὴρ
349 1386 405 1449 της
428 1356 577 1448 άσαφοῦς
605 1365 659 1427 καὶ
686 1364 905 1448 πεπλεγμένης
925 1363 1087 1442 λέξεως,’
1072 1389 1103 1427 εν
1124 1389 1143 1449 η
1170 1365 1291 1428 πλείων

120 1461 284 1529 ένεστι
247 1488 304 1549 της
326 1460 480 1550 λέξεωςίγ
503 1463 697 1542 σκοτίζουσα
725 1488 781 1548 την
807 1462 954 1528 διάνοιαν
980 1458 1110 1548 όχλησις
1136 1463 1186 1548 (el
1208 1463 1290 1526 Plut.

120 1586 200 1628 mor.
223 1587 253 1648 p.
278 1566 358 1628 1120
379 1564 418 1640 Ε
441 1489 493 1627 ulli
516 1574 716 1647 opponuntur
738 1566 946 1650 φωτίζεσθαι
973 1576 1003 1628 et
1025 1565 1240 1646 σκοτίζεσθαι
1261 1575 1291 1628 et

122 1664 232 1746 Quint.
263 1665 344 1728 VIll
377 1668 406 1741 2,
441 1667 491 1730 18:
522 1659 604 1728 ‘eum
636 1665 698 1727 iam
727 1664 811 1748 apud
842 1663 947 1728 Titum
978 1666 1106 1729 Liuium
1132 1667 1290 1728 inueniam

120 1767 217 1829 fuisse
238 1775 471 1850 praeceptorem
494 1765 638 1848 aliquem,
655 1765 708 1847 qui
730 1765 898 1850 discipulos
920 1767 1085 1830 obscurare
1107 1788 1186 1849 quae
1208 1766 1289 1830 dioe-

118 1877 190 1930 rent
211 1867 328 1931 iuberet
350 1888 462 1949 grae-oo
485 1865 581 1930 uerbo
603 1875 692 1928 utens
709 1860 894 1948 oxonoor‘),
918 1865 1143 1931 ἐπισκοτεῖν
1164 1866 1203 1930 de
1219 1889 1244 1934 o.
1260 1889 1290 1933 u.

126 1971 174 2045 12,
202 1990 233 2052 p.
259 1971 316 2034 148
347 1968 433 2035 Son:
465 1964 506 2032 τά
533 1963 577 2054 μὴ
599 1964 751 2051 τοιαύτην
781 1965 892 2048 ’έχοντα
920 1967 1018 2053 φάσιν
1046 1965 1292 2052 ἐγκαταπλέκειν

121 2070 234 2133 τεκαὶ
257 2073 460 2154 συνυφαίνειν
489 2079 559 2145 τοῖς
588 2068 773 2150 δυναμένοις
795 2061 892 2154 αὐτὴν
917 2073 971 2147 (sc.
1000 2065 1056 2154 την
1085 2060 1193 2155 άκοῆν)
1214 2091 1291 2154 γοη-

123 2169 234 2246 τεύειν,
259 2164 343 2234 ιόστε
364 2164 430 2233 Ino
452 2172 509 2255 τῆς
530 2171 654 2234 ἐκείνων
666 2167 802 2252 χάριτος
824 2167 1077 2234 ἐπισκοτεῖσθαι
1099 2165 1154 2254 τὴν
1168 2168 1292 2232 τοότιον

123 2265 278 2356 optram),
311 2269 505 2347 σκοτεινός
533 2271 570 2332 de
601 2269 698 2334 Tbuo.
726 2272 775 2344 32,
810 2277 833 2344 1,
864 2292 895 2354 p.
925 2272 984 2333 159
1013 2269 1088 2332 Kr.:
1121 2272 1292 2347 σκοτεινῶς

120 2377 392 2458 περιπέφρασται
414 2382 443 2435 et
466 2372 504 2434 tle
526 2371 556 2434 ui
576 2369 736 2436 Demosth.
752 2373 801 2446 35,
824 2392 854 2454 p.
871 2372 960 2446 1064,
987 2375 998 2436 1
1019 2369 1066 2446 R,
1089 2369 1142 2433 ubi
1158 2371 1291 2434 Aeschi-

121 2493 177 2535 nes
199 2471 310 2534 dieitur
325 2471 527 2536 Demostheni
545 2471 697 2556 oppobrio
712 2471 813 2534 lacere
829 2467 866 2534 τό
880 2470 1079 2556 σκοτεινόνΒ),
1097 2463 1118 2533 ά
1124 2495 1172 2552 μυ
1182 2470 1201 2535 ό
1207 2470 1289 2555 ρός,

121 2593 202 2655 quae
231 2594 293 2636 uox
326 2574 463 2656 genuino
495 2594 588 2636 sensu
619 2572 733 2656 legitur
766 2572 844 2637 Luc.
877 2573 951 2656 piso.
980 2575 1032 2636 16:
1064 2565 1209 2657 άμυόρός
1237 2574 1291 2636 καὶ

123 2667 256 2760 άσαφὴς
277 2669 315 2736 τό
335 2677 451 2757 χρῶμα
482 2677 525 2755 (u.
554 2694 679 2756 quoque
707 2672 756 2740 Ρε.
779 2673 883 2756 Long.
913 2695 948 2736 π.
972 2666 1079 2757 όψους
1103 2677 1155 2736 17:
1179 2669 1292 2753 σχεδόν

121 2771 183 2860 γάρ
207 2769 318 2855 ὥσπερ
341 2774 395 2838 καὶ
417 2767 567 2859 τάμοόρόι
593 2779 693 2860 φέγγη
724 2772 948 2861 έναφανίζεται
978 2776 1024 2859 τῷ
1046 2767 1127 2860 ηλίφ
1154 2797 1291 2860 περιαυ-

120 2874 270 2960 γοόμενα,
294 2869 379 2939 οότω
401 2877 455 2940 καὶ
477 2872 518 2938 τά
541 2877 711 2962 ῥητορικῆς
740 2879 933 2961 σοφίσματα
960 2872 1140 2960 έξαμαυροῐ
1159 2898 1292 2960 περιχο-

121 2978 183 3042 θὲν
204 2975 372 3040 πάντοθεν
390 2973 427 3039 τό
449 2981 600 3059 μέγεθος·
623 2969 660 3039 ozi
682 2975 797 3060 πόρρω
821 2975 930 3052 ό’ίσως
950 2974 1066 3040 τούτου
1081 2977 1136 3040 καὶ
1158 2974 1213 3040 ἐπὶ
1235 2981 1292 3064 της

104 3079 313 3164 ζωγραφίας
334 3102 367 3141 τι
390 3081 567 3159 συμβαίνει,
591 3099 661 3140 cum
684 3076 928 3160 metaphoricum
950 3077 1118 3139 sentiamus
1139 3098 1229 3139 usum
1252 3078 1291 3142 de

122 3201 149 3243 o.
171 3202 200 3242 u.
223 3182 273 3255 20,
296 3202 326 3263 p.
349 3183 410 3243 284
432 3177 518 3244 sen:
548 3173 610 3242 ὅσα
641 3177 675 3242 δὲ
707 3171 763 3258 οόχ
786 3172 855 3240 οἷόν
880 3201 915 3241 τε
936 3167 982 3263 ἦν,
1010 3170 1134 3241 ἐλάττω
1156 3202 1191 3242 τε
1215 3172 1291 3242 όντα

121 3280 247 3345 τούτων
273 3282 327 3344 καὶ
358 3274 563 3367 άμυδρότερα
589 3281 644 3345 καὶ
671 3276 727 3343 διὰ
755 3279 887 3366 πλῆθος
913 3277 1157 3363 δυςπερίληπτα
1181 3282 1291 3364 γραφῇ

225 3472 243 3536 ¹)
263 3473 292 3522 ol.
311 3472 363 3524 Cic.
377 3475 408 3523 de
421 3489 457 3524 or.
470 3474 509 3522 Ill
526 3474 570 3525 50:
588 3474 631 3521 ‘ita
649 3472 753 3521 confusa
771 3479 809 3521 est
827 3471 917 3531 oratio,
934 3472 969 3519 ite
986 3471 1138 3534 perturbata,
1157 3479 1184 3519 ut
1202 3472 1291 3533 oratio,
1347 3465 1350 3474 '

124 3573 189 3620 quae
206 3557 291 3607 lumen
303 3547 423 3606 adhibere
440 3557 514 3606 rebus
533 3558 615 3618 debet,
629 3572 658 3606 ea
676 3557 855 3606 obscuritatem
873 3564 898 3605 et
915 3556 1031 3604 tenebras
1049 3552 1153 3602 adserat
1166 3562 1191 3602 et
1206 3553 1291 3614 Quint.

122 3641 173 3690 VIII
193 3644 215 3701 2,
233 3642 276 3693 23:
301 3645 359 3690 ‘non
384 3657 482 3706 semper
500 3651 551 3690 torn
577 3656 632 3690 esso
653 3656 737 3690 aerem
762 3641 851 3689 indicis
873 3639 1047 3699 intentionem,
1066 3646 1093 3686 ut
1114 3639 1292 3687 obscuritatem
1321 3688 1323 3692 ,

123 3727 189 3788 apud
207 3741 234 3775 se
252 3727 305 3789 ipse
323 3727 440 3775 discutiat
457 3735 482 3776 et
500 3727 609 3776 tenebris
627 3726 748 3775 orationis
767 3726 857 3774 inserat
881 3725 1007 3787 quoddam
1025 3723 1213 3786 intellegentiae
1232 3737 1292 3771 suae

123 3809 223 3860 lumon’.

222 3893 293 3958 1)ι1
312 3893 389 3942 Arist
407 3894 481 3944 Ithet.
499 3895 580 3953 1112,
598 3909 621 3956 p
642 3894 684 3943 181
705 3892 804 3941 Roem:
829 3870 1009 3936 δυαλάει
979 3898 1011 3934 τυ
1038 3877 1132 3954 σαφὲς
1156 3872 1197 3951 τῴ
1226 3871 1291 3934 έπι-

127 3967 428 4039 ozoretv,oume1›.ed
448 3976 494 4027 Cn
512 3977 600 4040 Pomp.
619 3978 642 4036 2,
661 3979 683 4035 5,
701 3991 726 4058 p
746 3978 776 4028 17
794 3977 838 4026 Kr.
857 3975 1022 4038 reperiamus:
1039 3961 1172 4034 μελαίνει
1191 3980 1220 4016 τε
1234 3979 1291 4037 γαο

124 4044 156 4104 τό
177 4048 270 4126 σαφές
258 4051 341 4118 ςκαῑ
363 4039 451 4124 ζόφῳ
474 4051 553 4105 ποιεῖ
573 4039 796 4126 παραπλήσιοι,·
814 4066 926 4108 ceterum
944 4039 1117 4113 ἐπισκιάζειν
1135 4055 1223 4103 eadem
1240 4055 1292 4103 sere

125 4143 308 4206 significatione
326 4145 418 4206 legitur
434 4153 480 4194 art
493 4145 555 4195 rhet
569 4143 619 4191 VIII
638 4145 665 4194 8
688 4134 738 4188 καλ
758 4127 789 4188 τό
817 4125 946 4205 ἐπαχθές
971 4148 1019 4184 του
1044 4119 1138 4200 λογον
1153 4118 1291 4184 ἐπεσκία-

127 4239 189 4281 σται
210 4218 252 4299 τῴ
273 4245 309 4280 ιιι
311 4228 425 4300 αγκαιω
448 4220 495 4304 της
517 4218 865 4297 ἀπολογίας..

224 4320 288 4386 ⁸)u
307 4320 370 4368 Plat.
388 4320 462 4370 PoIit.
481 4318 575 4384 VlIlp
594 4318 696 4370 558D:
731 4305 778 4362 λνα
813 4324 854 4378 μη
887 4321 1045 4374 σκοτεινως
1080 4293 1295 4374 διαλεγώμεθα

127 4411 151 4453 et
168 4403 220 4456 Cic
239 4420 275 4456 or.
298 4405 340 4456 36:
363 4404 395 4453 ‘in
418 4404 521 4468 picturis
543 4405 607 4454 alios
636 4403 750 4466 horrida,
775 4402 884 4465 inoulm,
905 4417 1000 4468 σφωε,
1019 4405 1115 4448 nonme.
1134 4395 1205 4442 muoz
1226 4390 1324 4436 umbo,

118 4487 181 4536 laeta
199 4489 353 4538 conlustrata
371 4489 516 4544 delectant.
