2842 4806
212 1126 452 1248 ⁴pertractanti
480 1179 555 1243 mihi
582 1179 696 1264 scripta
726 1178 878 1242 rhetorica
903 1179 1049 1263 Dionysii
1077 1177 1294 1242 Harlicarnas-

122 1285 233 1361 sensis,
249 1304 342 1366 quem
358 1281 456 1344 multo
478 1281 649 1366 elegantius
665 1303 758 1363 quam
774 1290 892 1343 ceteros
913 1280 994 1344 illius
1009 1281 1115 1344 aetatis
1130 1282 1294 1366 scriptores

122 1405 227 1470 genus
248 1380 402 1447 scribendi
423 1391 561 1444 secutum
588 1403 653 1445 esse
679 1383 828 1462 constat¹)
856 1381 930 1443 satis
958 1380 1054 1443 multa
1084 1382 1294 1446 offerebantur

121 1485 279 1550 uocabula
300 1484 366 1546 sine
381 1481 475 1546 dubio
498 1503 536 1544 ex
551 1482 666 1547 artibus
682 1481 828 1545 translata
843 1483 872 1544 in
892 1480 1085 1557 rhetoricam,
1101 1484 1294 1566 apertissima

121 1587 237 1650 artium
257 1584 431 1648 studiorum
462 1585 601 1668 uestigia.
646 1583 744 1648 Cuius
775 1584 820 1646 rei
842 1605 965 1646 causam
996 1583 1167 1647 iuratione
1195 1594 1225 1646 et
1245 1585 1293 1646 in·

121 1688 290 1752 clinatione
311 1685 436 1749 illorum
458 1694 632 1769 temporum
647 1685 779 1770 positam
801 1705 867 1748 esse
889 1705 1017 1746 menon
1038 1684 1127 1769 fugit,
1144 1686 1292 1768 quoniam

123 1789 263 1873 Augusti
285 1798 369 1851 aetas
400 1808 463 1849 non
492 1797 555 1849 tam
576 1786 683 1849 sollers
710 1796 775 1849 erat
803 1797 835 1849 et
855 1785 1024 1870 ingeniosa,
1054 1806 1148 1866 quam
1177 1786 1293 1850 artibus

122 1888 165 1951 ad
192 1888 351 1972 fastigium
383 1889 445 1950 iam
471 1887 628 1971 perductis
656 1888 740 1950 omni
775 1886 893 1951 liberali
929 1885 1082 1970 perpolita
1115 1886 1292 1970 doctrina.²)

121 1987 197 2052 Huc
218 1987 394 2063 accedebat,
417 1998 451 2051 ut
472 2012 492 2051 a
517 1989 628 2052 criticis
650 1988 761 2071 quibus
787 1989 981 2072 potissimum
1004 1987 1168 2051 uirtutibus
1191 1989 1292 2051 excel·

122 2088 222 2151 lerent
236 2088 367 2151 artifices
388 2089 614 2171 inquirentibus
635 2093 736 2174 primo
759 2099 829 2151 ante
846 2089 1004 2153 Christum
1019 2089 1142 2152 saeculo
1158 2089 1290 2153 decades

123 2198 265 2252 ueterum
291 2188 443 2252 artificum
470 2190 491 2252 i.
518 2211 543 2257 e.
570 2213 702 2254 canones
731 2191 881 2276 propositi
910 2189 950 2252 ad
978 2199 1058 2252 artes
1083 2190 1234 2273 pingendi
1263 2199 1292 2252 et

121 2289 261 2374 fingendi
287 2290 516 2373 promouendas
544 2293 700 2356 constituti
729 2296 871 2374 essent.³)
914 2291 1025 2374 Neque
1052 2290 1106 2373 qui
1128 2291 1187 2353 uiri
1209 2291 1291 2355 doct.

123 2390 281 2454 Brzoskae
303 2391 548 2454 dissertationem
574 2393 749 2478 perlegerit,
772 2393 931 2469 dubitabit,
962 2393 1041 2474 quin
1067 2390 1203 2454 studium
1226 2391 1290 2454 elo-

126 2493 267 2575 quentiae
291 2514 360 2555 cum
377 2491 493 2555 artibus
515 2495 607 2556 inutis
630 2493 835 2556 conferendae
857 2493 1093 2577 aPergameuis
1116 2502 1218 2555 ortum
1244 2493 1290 2559 sit.

127 2591 266 2673 Quorum
289 2593 423 2676 uestigia
445 2615 515 2656 cum
537 2594 708 2678 Dionysius
730 2605 885 2677 sequatur,
908 2594 983 2676 quid
1009 2595 1129 2670 mirum,
1152 2593 1237 2676 quod
1257 2594 1290 2656 in

126 2693 241 2777 scriptis
264 2693 329 2756 eius
351 2693 510 2757 rhetoricis
531 2693 607 2758 illud
628 2696 764 2758 studium
787 2694 946 2759 uocabulis
965 2691 1017 2758 ‘ad
1038 2704 1204 2780 praecepta
1220 2694 1289 2757 rhe-

127 2795 217 2858 torica
239 2793 437 2878 explananda
459 2807 677 2878 oratorumque
699 2805 805 2870 artem,
828 2817 944 2878 genera
966 2796 1097 2870 dicendi,
1119 2795 1288 2872 historiam,

128 2893 302 2980 dignitatern
325 2895 502 2979 diligentius
524 2891 734 2960 describenda’
757 2896 789 2977 (l.
812 2918 837 2960 c.
860 2919 891 2980 p.
915 2900 967 2980 96)
989 2896 1132 2960 adhibitis
1154 2896 1288 2960 dilucide

128 2997 321 3081 appareurit)
361 2997 398 3060 ln
422 3019 510 3080 qnae,
534 2998 675 3081 quamuis
698 2998 782 3083 apud
803 2998 880 3061 alios
903 3019 1027 3080 quoque
1048 2997 1185 3061 rhetores
1207 2999 1288 3061 eius-

128 3098 205 3162 modi
232 3097 387 3162 uocabula
417 3099 468 3161 hic
494 3099 555 3161 illie
584 3100 712 3184 reperiri
740 3099 824 3162 haud
855 3101 998 3177 nesciam,
1028 3100 1175 3182 quoniam
1202 3097 1287 3182 apud

130 3195 312 3283 Dionysium
335 3200 423 3281 quasi
445 3199 583 3263 conlecta
605 3199 749 3263 uidentur
770 3201 897 3281 eiusque
927 3200 1020 3262 solius
1053 3198 1176 3262 illorum
1209 3210 1287 3263 tem-

127 3317 230 3378 porum
258 3300 389 3363 rhetoris
407 3299 503 3386 longe
531 3301 664 3385 plurima
686 3311 806 3364 seruata
827 3311 899 3363 sunt
927 3301 1041 3384 scripta
1062 3300 1215 3365 rhetorica
1237 3301 1285 3364 in-

129 3400 241 3480 quirere
263 3421 377 3486 operae
398 3402 531 3485 pretium
553 3403 601 3469 sit.

128 3538 331 3555 ——w-—ffl

217 3578 238 3635 1)
262 3577 293 3626 cf.
319 3576 359 3623 Fr.
381 3575 462 3636 Blass,
489 3577 529 3625 die
555 3577 711 3640 griechisohe
737 3577 927 3626 Beredsamkeit
952 3576 979 3624 in
1005 3577 1062 3626 dem
1085 3578 1212 3627 Zeitraum
1235 3594 1284 3628 von

128 3656 264 3709 Alexander
290 3660 328 3708 bis
351 3660 395 3707 auf
418 3662 556 3724 Augustus,
582 3662 717 3710 Berolinae
744 3664 814 3721 isos,
840 3679 863 3725 p.
888 3662 938 3721 169,
958 3663 998 3709 ubi
1024 3661 1087 3710 haec
1112 3671 1172 3712 sunt
1195 3664 1283 3712 uerba:

128 3737 232 3808 ‘hlautis
250 3741 314 3810 qeiqt
337 3741 407 3795 elueri
430 3751 481 3796 usu
507 3743 574 3795 ulleu
601 3743 708 3808 {letalem
732 3745 817 3796 tetrico
841 3745 892 3797 aruo
916 3743 1127 3812 qelttimadunlleu
1152 3744 1209 3798 (atil
1228 3785 1234 3798 .
1252 3787 1282 3797 ..

127 3818 223 3891 bissus
244 3825 315 3890 lteIIt,
329 3840 404 3893 aequi
422 3827 484 3894 letae
498 3826 667 3894 Beitqurolleu
680 3828 803 3896 qrhotteu,
816 3827 889 3881 eitteu
907 3828 970 3890 nieht
982 3829 1100 3897 ,qertugeu
1116 3829 1282 3897 heilsbrunne

125 3908 170 3960 uuo
187 3909 240 3963 eius
258 3909 398 3976 ertreutldie
415 3911 603 3978 ffieqerurotiou
621 3914 664 3965 ber
681 3912 833 3980 griediilduu
851 3913 933 3978 urata
951 3914 1013 3967 bur!

215 3996 239 4059 ²)
259 4012 283 4047 u.
301 3997 317 4044 l.
336 4012 356 4047 c.
374 4013 398 4060 p.
416 3999 473 4049 222.

214 4080 237 4144 ³)
255 4080 331 4142 Quod
349 4082 531 4131 demonstrauit
551 4083 602 4134 Jul.
620 4083 739 4144 Brzoska,
758 4084 789 4132 do
806 4098 903 4132 canone
926 4084 1014 4134 decem
1039 4091 1167 4133 oratorum
1184 4084 1281 4133 Attico-

125 4172 173 4210 rum
188 4166 343 4226 questiones,
361 4165 419 4216 diss.
438 4166 539 4218 Uratisl.
560 4170 631 4228 1883,
648 4185 672 4232 p.
691 4170 722 4219 72
741 4175 766 4217 et
782 4170 822 4219 74.

214 4247 238 4311 ⁴)
254 4249 319 4310 Bra,
336 4265 360 4314 p.
378 4252 411 4302 97
427 4252 486 4302 adn.
512 4255 535 4300 1:
558 4251 624 4300 ‘huic
640 4251 801 4300 artificiorum
820 4253 902 4301 studio
924 4252 1014 4301 mirum
1031 4254 1058 4301 in
1075 4253 1178 4301 modum
1196 4267 1279 4301 sermo

123 4329 227 4379 terminis
238 4333 360 4382 technicis
373 4349 405 4382 ex
416 4336 514 4398 pictura
525 4336 651 4398 sculptura
663 4337 829 4384 architectura
841 4337 977 4400 desumptis
991 4338 1122 4387 distinctus
1134 4338 1279 4400 respondet,

123 4411 215 4469 qualem
231 4417 369 4480 reperimus
386 4420 410 4466 in
430 4418 562 4468 Ciceronis
579 4421 736 4482 potissimum
755 4428 779 4469 et
795 4421 912 4482 Dionysii
931 4421 1028 4483 scriptis
1046 4422 1193 4472 rhetoricis.’
