2842 4806
708 172 748 238 19

619 261 830 271 ᾖ*

133 380 230 466 γύλον
242 378 299 445 καὶ
314 376 431 464 πικρὸν
446 382 501 445 καί
515 378 774 466 ἐνθυμηματικὸν
783 381 977 463 ἐκμέμακται
986 384 1038 467 (so.
1049 383 1215 459 Φίλιστος)
1228 379 1307 469 Ιὲκμ.

136 484 216 550 coni.
235 482 387 567 Krneger
402 503 441 545 ex
461 486 624 565 μέμικται,
646 504 717 546 oum
738 482 926 568 Sylburgius
945 493 1100 568 proponat
1124 487 1307 567 μεμίμηται

135 594 188 648 aut
208 582 425 669 ἔκμίμικται];
447 582 486 647 de
506 605 532 651 o.
554 605 584 652 u.
605 587 655 660 25,
668 605 697 668 p.
721 587 783 649 378
798 583 886 651 Seu:
909 582 944 649 tv
965 586 1018 666 (so.
1041 587 1254 670 Δημοσθένη)
1277 583 1309 650 ἓν

133 696 206 763 τοῖς
226 683 376 767 μάλιστα
398 678 494 767 οἶμαι
514 681 571 773 τὴν
591 681 762 772 ποιητικὴν
783 681 996 767 ἐκμεμάχθαι.

235 813 414 899 Compositi
446 807 706 895 ἀπομάττεσθαι
737 812 845 876 cadem
880 814 945 876 fore
980 824 1026 877 est
1056 812 1240 898 significatio
1277 822 1308 876 et

133 915 283 999 genuina,
317 914 404 998 quod
439 925 568 1000 apparet
595 915 642 990 iis,
669 935 749 997 quae
778 914 948 977 Bluemner
977 914 1019 990 ll,
1050 937 1079 999 p.
1113 918 1170 980 143
1192 936 1237 997 sq.
1269 914 1308 975 de

135 1016 330 1081 substantioe
349 1009 533 1101 ἀπομάγμα
548 1016 633 1080 dicit:
653 1010 763 1083 ‘deinc
776 1013 1049 1100 pouotbcbcutunq
1065 1016 1134 1082 obet
1156 1015 1236 1099 hotto
1257 1014 1308 1081 ber

139 1116 235 1202 dinus
255 1164 263 1181 .
285 1164 292 1180 .
316 1170 323 1185 .
345 1117 397 1201 itit
418 1118 471 1186 ben
494 1117 681 1202 ililblrouem
702 1117 777 1184 bonu
804 1115 862 1182 lein
885 1114 1037 1182 iliotcdol
1057 1113 1092 1198 ill
1120 1115 1150 1200 lo
1178 1114 1308 1200 qccigoet

137 1237 176 1302 με
198 1216 348 1304 Uirgilius
374 1211 634 1303 (ἀπομάγματα)
662 1216 717 1284 mie
745 1214 843 1298 Μελεά
877 1216 1018 1297 (adnotat
1045 1216 1179 1301 exempli
1206 1217 1308 1300 gratia

135 1318 292 1405 Theophr.
314 1322 369 1396 673
388 1341 418 1385 u.
441 1340 566 1403 quoque
587 1318 666 1386 Luc.
689 1317 781 1384 Alex.
803 1320 858 1381 21:
882 1312 1089 1398 ἀπεμάττετο
1111 1313 1167 1381 τὸν
1188 1320 1308 1394 τύπον,·

131 1418 280 1488 Philostr‚
300 1421 355 1487 uit
378 1420 485 1504 Apoll.
507 1419 555 1484 Vl
582 1423 626 1495 19,
648 1441 678 1504 p.
700 1422 777 1483 256:
809 1418 840 1482 οἱ
865 1419 995 1483 Φειδίαι
1017 1418 1052 1483 δὲ
1073 1421 1127 1483 καί
1157 1417 1187 1482 oi
1217 1426 1308 1503 Πρα-

133 1520 271 1599 ξιτέλεις
290 1523 363 1603 μῶν
384 1513 577 1598 ἀνελθόντες
597 1519 643 1597 εἰς
675 1513 808 1602 οάρανὸν
830 1521 884 1583 καὶ
911 1513 1157 1601 ἀπομαξάμενοι
1181 1516 1222 1582 τά
1244 1521 1308 1582 τῶν

136 1622 227 1685 θεῶν
247 1618 318 1706 εἴδη
340 1624 450 1706 τέχνην
471 1614 554 1686 αάτά
575 1619 763 1698 ἀπατοῦντος
786 1620 915 1686 Anthol.
936 1620 1067 1687 Planud.
1091 1623 1159 1697 120,
1180 1625 1209 1686 1:
1232 1619 1307 1683 τόλ-

136 1744 202 1803 μαν
220 1714 428 1806 Ἀλεξάνδρου
449 1723 504 1786 καί
526 1717 602 1786 ὅλον
624 1716 817 1804 ἀπεμάξατο
838 1718 972 1808 μορφάν
992 1720 1179 1798 Λύσιππος.
1212 1720 1305 1786 Com-

137 1822 272 1907 positum
297 1819 592 1904 ἐναπομάττεσθαι
621 1847 640 1887 a
669 1821 782 1888 Stoicis
809 1823 849 1885 ad
881 1821 1096 1907 explicandam
1123 1825 1307 1907 φαντασίαν

133 1922 307 1988 adhibitum
338 1924 453 2009 legitur
476 1923 859 2009 Diog.Laort.V1146:
891 1927 948 2010 της
977 1923 1011 1988 δὲ
1039 1928 1224 2009 φαντασίας
1252 1921 1307 2010 την
1401 2003 1404 2007 ⁷

128 2024 188 2106 μὲν
218 2022 471 2111 καταληπτικήν,
503 2022 559 2110 την
587 2024 621 2090 δὲ
650 2017 887 2108 ἀκατάληπτον·
913 2022 1153 2112 καταληπτικὴν
1180 2026 1245 2106 μὲν,
1267 2021 1304 2112 ἢν

128 2124 299 2213 κριτήριον
319 2118 403 2190 είναι
424 2128 488 2190 τῶν
507 2125 709 2211 πραγμάτων
730 2128 824 2212 φασί,
844 2123 901 2211 την
921 2131 1084 2211 γινομένην
1106 2119 1174 2188 ἀπὸ
1195 2119 1303 2211 ἀπάρ-

128 2249 243 2308 χοντος
263 2226 334 2290 κατ’
357 2219 438 2289 αὐτὸ
459 2222 497 2289 τὸ
523 2220 668 2310 ὑπάρχον
694 2227 1033 2312 ε’ναπεσφραγισμὲνην
1061 2228 1115 2290 καὶ
1144 2224 1303 2308 ἐναπομε-

132 2330 302 2413 μαγμένην·
332 2338 364 2390 et
389 2328 443 2409 50)
471 2336 501 2390 et
521 2326 662 2412 figurata,
692 2338 726 2391 ut
747 2348 933 2413 cognoscere
960 2327 1031 2390 licet
1052 2327 1090 2390 de
1117 2338 1176 2391 uet.
1199 2328 1302 2411 script.

132 2449 157 2495 c
171 2432 201 2506 3,
215 2432 244 2495 2.
265 2451 297 2514 p.
313 2431 386 2503 427,
407 2430 443 2494 10
461 2426 509 2503 R,
531 2426 584 2491 ubi
607 2427 645 2491 de
667 2427 806 2506 Philisto,
828 2427 1021 2512 Thucydidis
1043 2428 1204 2505 imitatore,
1226 2428 1303 2491 haec

129 2529 292 2615 leguntur:
329 2526 368 2593 τὸ
401 2527 437 2593 δὲ
469 2526 663 2614 στρογγύλον
692 2531 746 2593 καί
774 2526 891 2593 πτανὸν
917 2531 972 2593 καὶ
997 2522 1124 2593 εὔτονον
1149 2530 1203 2593 καὶ
1232 2527 1303 2593 ε’να-

129 2630 244 2713 γώνιον
273 2628 363 2694 πάνυ
385 2623 530 2715 ἀκριβῶς
551 2623 754 2712 ἀπεμάξατο.

681 2913 757 2993 su.

228 3080 414 3147 Proximum
436 3091 493 3159 est,
515 3092 549 3147 ut
570 3081 609 3146 de
638 3083 790 3148 uocabulo
821 3081 942 3160 τύπος
968 3083 1095 3166 eiusque
1123 3083 1301 3168 compositis

130 3193 160 3248 et
189 3183 437 3249 deriuationibus
458 3183 614 3251 disseram.
656 3184 809 3248 Primario
837 3183 974 3247 adhibita
995 3205 1087 3246 sensu
1109 3206 1172 3248 uox
1194 3184 1299 3263 τύπος

133 3284 214 3349 ualet
232 3285 403 3370 uestigium
428 3294 459 3350 et
479 3295 595 3362 notam,
624 3307 717 3369 quam
742 3285 896 3370 impressit
925 3282 962 3349 τὸ
991 3284 1100 3370 τάφον
1126 3288 1167 3367 [u.
1191 3285 1301 3370 Eurip.

136 3381 246 3452 Troad
276 3388 381 3465 1196),
414 3386 525 3451 deinde
553 3386 704 3470 imprimis
726 3407 794 3450 eam
823 3396 940 3461 notam,
963 3408 1042 3468 quae
1075 3387 1225 3469 impressa
1256 3397 1302 3450 est

136 3505 264 3549 nummo
282 3496 434 3571 argenteo
460 3507 595 3550 aureoue
617 3486 668 3567 (of.
683 3486 819 3572 Hesych.
842 3509 864 3552 s.
880 3509 908 3552 u.
933 3488 1102 3572 Κυζικηνοὶ
1128 3490 1300 3575 στατῆρες·

130 3583 309 3666 πρόςωπον
330 3587 367 3653 δὲ
386 3577 424 3674 ἦν
447 3584 595 3672 γυναικὸς
617 3581 634 3650 ὁ
656 3586 770 3665 τύπος)
798 3598 852 3651 aut
877 3599 965 3652 notas
993 3588 1151 3651 literarum
1178 3589 1301 3653 tabulae

130 3686 272 3773 lapideae
292 3698 348 3753 aut
367 3692 483 3752 aeneae
503 3688 727 3772 insculptarum
749 3697 789 3766 (u.
806 3688 889 3755 Plut.
907 3688 995 3765 Mor,
1018 3711 1048 3774 p.
1066 3693 1126 3754 577
1141 3690 1193 3757 R:
1215 3688 1302 3768 ἴδιός

131 3812 181 3865 τις
214 3785 232 3853 ὃ
264 3788 370 3866 τύπος
404 3790 460 3854 καί
494 3787 695 3876 βαρβαρικὸς
726 3790 789 3853 τῶν
817 3789 1028 3876 χαρακτήρων
1059 3787 1302 3877 ἐμφερέστατος

129 3886 330 3972 Αἰγυπτίοις
343 3884 420 3972 l‘ubi
435 3900 538 3954 tamen
552 3891 641 3954 reddi
662 3892 753 3955 etiam
771 3901 872 3975 potest
894 3891 1002 3974 figura’
1018 3891 1137 3979 steph]
1160 3902 1190 3956 et
1207 3892 1300 3959 Dion.

128 3988 168 4052 de
188 4011 218 4053 c.
240 4011 271 4057 u.
293 3993 344 4068 25,
365 4014 395 4077 p.
417 3995 480 4058 414
501 3992 574 4058 seh.
605 3993 657 4069 (cf.
678 3993 696 4057 l.
718 4015 742 4058 o.
764 4014 793 4076 p.
815 3995 877 4057 410
898 3991 984 4067 Sch.;
1017 3992 1055 4055 de
1084 3993 1116 4055 ui
1138 3993 1300 4059 Demosth.

128 4093 180 4166 52,
203 4112 235 4175 p.
260 4092 776 4178 111415εη.11.);πριῦιονμὲν
799 4089 840 4157 τά
863 4086 1007 4174 ὀνόματα
1030 4086 1134 4156 αὐτῶν
1160 4095 1214 4176 (so.
1237 4095 1301 4156 τῶν

125 4190 346 4278 γραμμάτων)
361 4192 610 4277 ἐκμανθάνομεν,
626 4192 741 4259 ἔπειτα
764 4190 840 4271 τοίς
854 4192 977 4271 τύπους
996 4196 1051 4259 καὶ
1066 4191 1125 4271 τὰς
1140 4190 1299 4274 δυνάμεις.

126 4291 193 4379 [De
235 4293 489 4379 impressionibus
533 4293 700 4379 digitorum
740 4295 773 4358 in
807 4295 882 4358 ceris
919 4297 1009 4360 sactis
1049 4295 1160 4358 dicitur
1204 4293 1304 4374 Βίας.

126 4393 233 4461 Ladrt
258 4392 323 4458 Vll
340 4398 396 4459 45:
421 4391 479 4483 τήν
506 4394 543 4461 δὲ
573 4401 764 4485 φαντασίαν
797 4392 885 4466 εἶναι
911 4396 1063 4463 sommum
1090 4397 1122 4458 ὶν
1151 4388 1328 4475 spurius&

118 4484 282 4571 ὅνόίῑαῖθρ
308 4491 440 4573 θῖκθίως
466 4508 752 4589 μετενηνεγμένου
788 4496 863 4569 ἀπὸ
900 4503 968 4567 τῶν
995 4496 1115 4564 rimmo
1145 4492 1214 4555 τῖον
1239 4485 1277 4547 ἐν
1306 4483 1359 4555 ffil
