2842 4806
168 395 228 479 ρᾶς
259 395 494 472 mollitudinem,
529 395 685 460 leuitatem
718 409 747 459 et
783 396 977 459 dulcedinem
1013 394 1192 470 declararet,
1226 393 1338 458 eadem

167 519 252 560 nuno
275 495 541 582 οογχριύννοοίίαι
562 496 643 560 dioit'
664 497 777 582 (Era).

718 692 787 767 §2

266 824 370 888 Etiam
392 823 578 887 adieetiuum
601 818 821 908 εὔγραμμος
839 818 931 886 tbene
946 823 1126 898 delineatae,
1142 822 1341 884 lineamentis

165 923 246 988 bene
269 921 438 989 distinotus'
468 924 613 1009 (steph),
637 928 722 989 euius
744 925 921 1010 primariam
948 924 979 986 in
1010 935 1075 987 arte
1097 923 1248 1008 pingendi
1272 923 1339 985 uim

167 1026 228 1088 iam
252 1028 457 1110 cognouimus
481 1027 573 1092 Dion.
596 1024 633 1087 de
662 1027 749 1088 lsaeo
771 1029 798 1100 4,
826 1050 854 1110 p.
877 1029 947 1102 591,
971 1029 989 1089 8
1011 1025 1050 1089 R.
1078 1031 1228 1107 (ceterum
1250 1023 1340 1086 illam

167 1128 207 1191 ad
238 1139 334 1192 artem
367 1148 492 1210 quoque
524 1125 663 1210 fingendi
691 1136 829 1210 spectare
858 1127 1041 1210 perspicitur
1076 1125 1154 1188 Luc.
1186 1126 1281 1208 imag.
1304 1127 1340 1204 6)

168 1227 378 1313 compluribus
403 1228 478 1291 loeis
504 1250 523 1290 a
550 1226 703 1310 Dionysio
729 1226 759 1288 in
788 1239 883 1292 artem
911 1227 1095 1290 rhetoricam
1122 1227 1342 1289 transductum

168 1340 213 1392 est
235 1340 269 1392 ut
290 1329 329 1392 de
350 1351 375 1392 c.
400 1351 428 1394 u.
450 1332 499 1404 22,
522 1351 552 1452 p.
574 1331 636 1392 234
659 1327 743 1394 δούς
765 1322 785 1415 ῆ
806 1353 840 1390 τε
862 1327 1018 1411 περίοδος
1033 1376 1040 1390 .
1056 1376 1087 1392 ..
1116 1321 1172 1390 ούκ
1194 1325 1259 1408 ἔχει
1283 1323 1342 1413 τῆν

167 1427 265 1512 βύοιν
287 1423 420 1514 εύγραγγι
409 1452 470 1511 μον
490 1430 546 1492 καὶ
571 1431 742 1515 περιφερῆ,
771 1423 1005 1515 ἀλλ’ἀκύροφύς
1031 1453 1081 1504 τις
1107 1429 1341 1513 φαίνεταικαὶ

169 1525 474 1615 ἀκατάστροφος;1,
502 1553 526 1596 o
552 1533 601 1606 23,
634 1553 663 1614 p
685 1534 746 1595 366
774 1530 861 1596 Solu:
892 1555 954 1594 των
985 1523 1193 1615 περιόδων
1178 1552 1195 1592 ο
1223 1527 1343 1604 κύκλος

170 1631 248 1712 ἔχων
270 1656 303 1696 τι
323 1631 501 1717 περιφανὲς
521 1632 575 1695 καὶ
597 1624 730 1715 εύγραγγ
694 1654 779 1712 ιγγον
793 1634 846 1696 καὶ
868 1656 1032 1713 τεταμιοογ
1020 1655 1076 1712 ια
1078 1653 1112 1694 ον
1126 1623 1242 1715 ὀίκραις
1264 1640 1343 1706 ταῖς

171 1755 247 1814 οομγ
211 1757 314 1818 γμετρ
319 1736 401 1815 ίαις;
423 1733 513 1795 de
484 1755 516 1795 ur
538 1732 699 1795 Demosth.
722 1736 770 1808 40,
794 1755 822 1816 p
847 1724 1274 1816 1078,103.τεύκύροφοι
1300 1726 1341 1816 δὴ

170 1837 343 1919 φαίνονται
364 1830 468 1898 καὶ’
441 1827 621 1917 εὔγραμμοι
644 1830 700 1896 διὰ
722 1836 819 1897 τοῦτο
842 1835 897 1916 (sc.
920 1833 955 1898 αἱ
976 1833 1152 1918 ιτερίοδοι).
1186 1831 1341 1896 Ceterum

170 1935 208 1996 de
241 1933 423 1997 substantiui
455 1931 586 2019 γραμμή
618 1935 650 1996 ui
678 1944 709 1996 et
729 1956 787 1996 usu
809 1935 847 1997 of.
872 1934 1041 2018 Dionysius
1068 1935 1106 1996 de
1136 1933 1224 1994 lsaeo
1253 1935 1284 2008 4,
1306 1954 1341 2015 p.

171 2038 241 2112 591,
265 2038 284 2098 8
305 2034 357 2118 R.;
389 2034 514 2119 Polybii
544 2055 608 2100 exo.
632 2033 705 2097 Uat.
727 2057 756 2117 p.
781 2037 854 2100 393:
886 2037 940 2098 καλ
967 2032 1027 2119 γὰρ
1055 2033 1104 2098 ἔνι’
1131 2033 1256 2098 ἐκείνων
1284 2033 1342 2115 (de

169 2135 297 2221 picturis
319 2130 475 2222 agiturlrp
503 2136 560 2217 μὲν
590 2131 680 2211 ἒκιδς
705 2132 806 2199 ἐνίοτε
826 2132 957 2221 γραμμῆ
988 2133 1134 2215 σώζεται,
1162 2131 1199 2215 τδ
1223 2134 1259 2198 δὲ
1281 2135 1343 2220 τῆς

170 2234 346 2323 ἐμφάσεως
366 2238 420 2300 καὶ
442 2238 499 2322 τῆς
520 2237 685 2321 ἐναργείας
709 2239 772 2299 τῶν
801 2230 943 2318 ἀλκίμων
969 2234 1057 2317 ζιύων
1076 2229 1229 2311 ἄπεστιν,
1254 2230 1341 2320 ὅπερ

169 2335 256 2402 ’ίδιον
276 2331 416 2421 ὑπάρχει
437 2340 494 2423 τῆς
516 2338 718 2424 ζωγραφικῆς
738 2342 858 2423 τέχνῆς;
881 2338 958 2402 Luc.
981 2336 1075 2402 Zeux.
1092 2341 1122 2402 5:
1146 2334 1184 2400 ιδ
1200 2330 1342 2400 ἀιτοτεῖ-

169 2463 222 2504 ναι
245 2436 303 2515 τάς
324 2435 476 2524 γραμμὰς
497 2436 543 2514 οἷς
571 2434 609 2501 ad
636 2429 818 2502 εὐθύτατον
844 2440 898 2503 καὶ
928 2441 991 2501 τῶν
1017 2436 1197 2521 γρωμύτων
1219 2429 1341 2523 ἀκριβῆ

170 2538 226 2627 τῆν
260 2541 374 2623 κρᾶσιν
400 2540 454 2602 καὶ
483 2533 629 2622 εύκαιρον
659 2536 715 2624 τῆν
747 2537 900 2625 ἐπιβολὴν
932 2535 1158 2623 ιιόιῆοαοθαις
1187 2539 1283 2622 imag.
1304 2541 1341 2603 3:

170 2643 257 2727 φίλῳ
281 2635 375 2724 ἀνδρὶ
396 2639 576 2717 ἐπιδείξαις
601 2636 657 2724 τὴν
685 2638 800 2709 εἰκόνα,
829 2633 919 2716 ὅπως
942 2634 979 2702 δν
1005 2642 1061 2725 τῆς
1085 2641 1235 2725 γραμμῆς
1257 2636 1341 2723 ἐ’χῃς,

172 2746 223 2808 16:
254 2739 406 2807 είκιύν...
439 2736 565 2818 ιιάοαις
597 2751 670 2816 ταῖς
700 2752 865 2824 γραμμαῖς
899 2735 1162 2825 ἀντιγκριβιομίνῆ;
1194 2739 1262 2804 Cio.
1296 2761 1339 2804 or.

172 2846 244 2909 186:
264 2838 415 2906 ‘extrema
437 2835 630 2906 lineamenta'
658 2836 728 2925 (hie
755 2841 887 2923 llarrille,
910 2841 1086 2909 ἀναλύοντα
1109 2840 1141 2908 in
1156 2840 1218 2934 'bet
1240 2838 1337 2924 gelde

172 2938 264 3030 uuug'
297 2944 422 3022 dahn.];
456 2941 563 3025 Quint.
592 2942 661 3006 Xll
686 2945 732 3019 10,
755 2946 788 3006 4:
818 2937 943 3005 ‘Zeuxis
971 2952 1063 3024 atque
1086 2939 1339 3006 Parrhasius...

172 3066 304 3127 quorum
325 3045 412 3129 prior
432 3044 583 3108 luminum
606 3043 847 3126 umbrarumque
868 3044 1023 3107 inuenisse
1045 3045 1205 3117 rationem,
1228 3062 1341 3105 secun-

171 3146 229 3208 dus
262 3145 453 3208 examinasse
486 3144 625 3209 subtilius
654 3144 749 3207 lineas
779 3138 901 3228 fertur';
935 3144 999 3210 Cio.
1022 3145 1108 3209 Brut.
1130 3147 1183 3209 67:
1214 3137 1340 3205 ‘eorum

171 3247 309 3330 quinon
331 3257 402 3309 sunt
423 3249 470 3309 usi
491 3246 561 3330 plus
583 3268 676 3328 quam
698 3255 844 3329 quattuor
866 3244 1018 3308 coloribus
1045 3245 1160 3306 formas
1182 3253 1211 3307 et
1234 3243 1336 3307 linea-

173 3357 281 3411 menta
302 3339 481 3413 laudamus’.

723 3531 792 3611 53.

272 3664 445 3731 Ueniamus
465 3664 527 3728 iam
549 3664 589 3728 ad
610 3663 705 3728 uerba
726 3663 884 3742 miscendi,
906 3685 986 3746 quae
1009 3664 1132 3748 proprie
1157 3660 1195 3725 ad
1219 3661 1341 3727 colores

172 3766 328 3854 pertinere
349 3778 478 3853 apparet
511 3767 549 3829 de
575 3767 606 3829 ui
634 3765 793 3831 Demosth.
815 3770 865 3841 41,
895 3788 924 3849 p.
949 3767 1038 3841 1082,
1061 3767 1079 3828 9
1101 3766 1184 3847 eq.¹).
1227 3761 1342 3846 Neque

172 3869 374 3954 metaphorioi
405 3889 510 3932 eorum
534 3888 606 3930 usus
637 3866 719 3951 apud
742 3866 930 3950 Dionysium
957 3866 1067 3930 desunt
1093 3863 1243 3947 exempla,
1267 3886 1340 3927 curn

172 3970 294 4056 legatur
329 3992 392 4033 uox
426 3967 605 4052 μιγνύναι
636 3968 674 4030 de
710 3969 741 4031 ui
775 3966 937 4032 Demosth.
975 3971 1022 4043 15,
1058 3989 1086 4049 p.
1118 3968 1206 4040 1000,
1237 3969 1256 4028 5
1288 3965 1342 4032 R:

173 4069 243 4136 lion
266 4071 300 4136 δὲ
323 4062 418 4146 οὗτος
440 4065 457 4133 δ
478 4074 670 4153 μεμιγμένος
691 4067 725 4148 ἐξ
745 4063 939 4155 ἀμφοτέρων
966 4071 1029 4130 τῶν
1048 4065 1258 4153 χαρακτήρων
1288 4069 1341 4149 (of.

173 4172 212 4236 de
234 4194 258 4238 e.
281 4194 310 4236 u.
338 4174 385 4248 12,
411 4194 440 4257 p.
464 4173 523 4236 138
546 4170 633 4247 Sch.;
656 4181 709 4236 art.
732 4170 808 4234 rhet.
832 4169 860 4232 V
885 4173 915 4233 7:
947 4162 1128 4251 ἀπαγγελία
1154 4167 1188 4232 δὲ
1213 4172 1343 4254 ιτρέιτοι

174 4267 213 4337 ἀν
233 4270 378 4353 μάλιστα
391 4276 565 4358 μεμιγμίνιγ
587 4273 633 4357 τῷ
649 4271 788 4356 τοιούτῳ
810 4269 904 4356 λύγῳ,
920 4269 1045 4351 ἕνίαχού
1060 4269 1116 4351 μὲν
1139 4291 1344 4355 συνεστραμ-

173 4379 258 4459 μένη,
291 4371 416 4455 ἐνιαχοῦ
449 4373 484 4438 δὲ
517 4372 697 4458 διῃρημένη,
734 4375 791 4460 τῆς
823 4374 854 4436 ἐν
886 4383 956 4448 τοῖς
982 4369 1107 4453 μύθοις
1138 4371 1343 4460 ἀφελεοτίρα

274 4532 296 4596 ¹)
315 4531 346 4584 cf,
365 4532 397 4581 de
415 4547 435 4580 o.
453 4546 477 4581 u.
495 4532 536 4592 21,
553 4547 577 4594 p.
595 4532 644 4581 290
662 4529 732 4592 sch,
750 4531 781 4584 de
799 4531 872 4579 leaeo
890 4532 914 4589 4,
931 4544 954 4591 p.
973 4531 1032 4590 out,
1049 4530 1064 4579 4
1083 4544 1118 4591 sq.
1137 4529 1166 4579 R.
