2842 4806
557 1087 746 1266 Caput
784 1087 839 1208 11.

305 1315 498 1391 Uooabula
521 1335 574 1388 ex
598 1316 680 1389 arte
704 1315 889 1410 pingendi
913 1315 1101 1389 traducta.

218 1548 386 1631 Quoniam,
402 1548 514 1631 quibus
529 1547 689 1611 uocabulis
705 1570 743 1611 ex
758 1559 823 1612 arte
842 1547 981 1631 fingendi
999 1548 1097 1612 ductis
1113 1549 1289 1634 Dionysius

118 1650 293 1736 inscriptis
320 1649 478 1713 rhetoricis
505 1670 577 1711 usus
606 1649 653 1724 sit,
676 1649 963 1725 demonstrauimus,
986 1671 1070 1712 nuno
1092 1650 1130 1713 de
1156 1653 1288 1716 uocibus

118 1775 157 1816 ex
180 1763 245 1816 arte
267 1750 418 1837 pingendi
437 1752 469 1813 in
491 1749 675 1814 rhetoricam
702 1750 864 1827 translatis
887 1772 979 1834 quem
1007 1751 1095 1815 nobis
1120 1753 1287 1836 proposui·

118 1875 186 1916 mus
202 1852 418 1936 disputationis
434 1873 567 1926 cursum,
591 1851 759 1914 dicendum
775 1861 827 1912 est.
857 1850 922 1915 Sed
936 1851 1117 1935 priusquam
1135 1852 1287 1916 uocabula

117 1955 185 2038 ipsa
206 1962 438 2038 pertractemus,
466 1953 734 2037 comparationum
756 1973 795 2015 ex
822 1960 887 2014 arte
908 1952 1059 2036 pingendi
1090 1975 1108 2015 a
1130 1953 1285 2038 Dionysio

119 2054 403 2139 depromptarum)
436 2054 624 2117 mentionem
649 2054 809 2128 faciamus,
839 2073 902 2135 quo
930 2052 1103 2131 dilucidius,
1133 2065 1285 2137 quantum

117 2155 189 2218 huic
210 2155 325 2239 scripta
344 2155 496 2219 rhetorica
511 2155 715 2219 conscribenti
735 2155 788 2219 illa
810 2154 905 2218 oculis
921 2153 1083 2217 obuersata
1104 2157 1151 2232 sit,
1166 2156 1286 2220 intelle-

117 2267 223 2341 gatur3
260 2256 337 2320 haeo
358 2257 440 2319 enirn
462 2255 608 2341 leguntur
637 2257 676 2320 de
698 2279 722 2322 c.
749 2278 777 2322 u.
800 2260 850 2332 21,
871 2278 900 2340 p.
922 2259 984 2320 288
1006 2255 1092 2321 Seu:
1116 2255 1230 2339 οἴομαί
1251 2282 1285 2322 τε

117 2355 203 2422 ἰ’(λιον
234 2351 323 2444 ἡμῶν
349 2355 473 2441 ἑκάστῳ
498 2361 679 2446 χαρακτῆρι
705 2352 816 2443 ὥσπερ
844 2350 953 2442 ὄφεως
979 2351 1064 2421 οότω
1092 2359 1147 2421 καὶ
1169 2361 1286 2423 συνθέ-

119 2480 202 2536 σεως
249 2452 416 2540 ὀνομάτων
457 2460 723 2544 παρακολουθεῖν
766 2453 802 2522 οό
851 2457 984 2545 φαύλως
1031 2458 1285 2543 παραδείγματα

115 2558 279 2646 χριόμενος
309 2560 489 2645 ζωγραφία·
519 2553 630 2646 ὥσπερ
666 2557 727 2646 γὰρ
761 2562 790 2624 ἐν
817 2561 915 2644 ἐκείνῃ
944 2557 985 2622 τὰ
1015 2552 1098 2623 αὐτὰ
1127 2559 1286 2646 φάρμακα

117 2659 335 2744 λαμβάνοντες
351 2654 491 2736 ἅπαντες
507 2659 538 2724 οἱ
553 2658 595 2724 τὰ
611 2661 677 2742 ζῶα
691 2659 871 2747 γράφοντες
886 2661 975 2726 οὐδὲν
990 2659 1118 2725 ἐοικότα
1133 2666 1286 2727 ποιοῦσιν

119 2755 271 2849 ἀλλήλοις
298 2758 340 2824 τὰ
360 2764 518 2845 μίγματα·
544 2757 599 2825 τόν
631 2755 727 2825 αὐτόν
758 2759 881 2843 τρόπον
913 2767 943 2827 ἒν
969 2764 1122 2847 ποιητικῇ
1153 2787 1188 2827 τε
1216 2764 1285 2828 δια-

119 2864 218 2947 λέκτῳ
240 2864 295 2926 καὶ
317 2864 356 2947 τῇ
379 2855 459 2946 ἄλλῃ
476 2855 589 2946 ἁπάσῃ
611 2874 682 2939 τοῖς
697 2857 809 2941 αὐτοῖς
831 2857 968 2946 ὀνόμασι
988 2861 1148 2949 χρώμενοι
1167 2864 1284 2943 πάντες

119 2956 176 3044 οὐχ
209 2957 332 3044 ὁμοίως
365 2956 448 3026 αὐτὰ
478 2966 683 3045 συντίθεμεν,Ι
711 2964 729 3031 l.
757 2986 782 3029 o.
812 2968 862 3042 25,
884 2988 914 3050 p.
935 2967 997 3031 410
1018 2963 1100 3040 sch,
1129 2965 1182 3028 ubi
1215 2967 1288 3030 dicit

118 3064 175 3129 sibi
198 3064 298 3128 uideri
319 3063 418 3148 magis
441 3063 549 3128 decere
571 3065 729 3130 hominem
751 3068 904 3131 orationes
929 3066 1069 3152 politicas
1091 3067 1288 3131 conscriben-

118 3177 180 3230 tem
209 3186 249 3228 ne
281 3165 443 3228 minimum
475 3165 601 3250 quidem
634 3167 809 3253 neglegere,
841 3191 934 3252 quarn
965 3167 1144 3255 ζωγραφίαν
1172 3195 1208 3235 τε
1233 3173 1287 3235 καὶ

118 3268 279 3351 τορευτῶν
299 3269 415 3332 παισὶν
447 3265 479 3333 ἓν
504 3263 562 3353 ὅλῃ
585 3271 722 3355 φθαρτῇ
751 3273 867 3356 χειρῶν
892 3263 1062 3350 εὐστοχίας
1092 3271 1145 3334 καὶ
1167 3270 1288 3349 πόνους

118 3363 399 3447 όποόεικνομένοις
418 3366 554 3452 περὶτὰ
576 3371 695 3456 φλέβια
709 3373 763 3434 καὶ
785 3367 826 3434 τὰ
848 3371 950 3434 πτίλα
971 3373 1025 3436 καὶ
1047 3368 1101 3434 τόν
1120 3375 1214 3451 χνοῦν
1232 3376 1286 3438 καὶ

118 3467 177 3546 τὰς
192 3465 348 3546 τοιαύτας
361 3470 573 3556 μικρολογίας
586 3475 793 3556 κατατρίβειν
807 3473 864 3559 τῆς
883 3475 990 3556 τέχνης
1005 3471 1060 3558 τὴν
1075 3465 1286 3558 οἷκρίβειανίχ

119 3572 158 3636 de
181 3572 213 3635 ui
235 3570 395 3637 Demosth.
417 3575 467 3648 41,
489 3593 518 3655 p.
536 3573 625 3649 1082,
646 3575 665 3636 9
687 3594 731 3655 sq.
753 3571 804 3638 It:
828 3568 873 3649 ὡς
894 3566 932 3635 ἂν
954 3572 986 3637 οἱ
1006 3571 1170 3654 μετιόντες
1190 3568 1288 3662 αὐτὴν

120 3675 173 3758 (so.
200 3669 255 3759 τὴν
284 3675 394 3757 τρίτην
421 3667 590 3758 ἁρμονίαν)
613 3677 837 3760 προαιρέσεως
865 3671 978 3755 ἔχωσιν
1009 3669 1029 3761 ἢ
1052 3674 1218 3757 δυνάμεως
1245 3674 1287 3741 τὰ

119 3774 177 3856 μὲν
198 3783 319 3859 φυγεῖν,
341 3770 383 3836 τοὶ
406 3773 441 3838 δὲ
461 3774 581 3856 λαβεῖν,
605 3768 707 3851 οὕτως
734 3779 899 3861 κίρνανται
925 3773 1080 3862 καθάπερ
1103 3773 1134 3840 ἕν
1163 3779 1202 3860 τῇ
1226 3779 1288 3858 ζω-

118 3877 245 3960 γραφία
267 3869 308 3937 τὰ
329 3877 493 3957 μίγματα;
517 3875 556 3937 de
572 3875 665 3942 Isocr.
689 3874 751 3942 iud.
775 3879 823 3951 13,
844 3897 874 3960 p.
890 3879 960 3953 559,
985 3880 1023 3941 12
1044 3900 1088 3960 sq.
1111 3876 1163 3943 R:
1189 3877 1287 3942 Φιλό-

220 4031 241 4093 ¹)
259 4029 290 4081 cf.
308 4031 339 4080 dc
358 4032 383 4080 ui
401 4031 533 4080 Demosth.
551 4034 592 4092 51,
609 4049 634 4095 p.
655 4035 723 4092 1114,
741 4035 756 4083 2
775 4048 824 4096 sq.;
844 4034 875 4081 do
893 4034 952 4084 Diu.
971 4036 994 4093 7,
1012 4050 1035 4097 p.
1054 4034 1110 4093 664,
1131 4035 1160 4084 14
1178 4049 1227 4098 sq.;
1245 4035 1288 4086 Ps.

118 4112 201 4178 Long.
219 4121 247 4159 π.
276 4095 328 4178 sitta
354 4115 397 4165 36:
424 4097 470 4160 tat
496 4102 552 4177 μὲν
580 4099 632 4176 τῆς
659 4105 754 4180 τέχνης
785 4097 971 4175 θαυμάζεται
1002 4096 1033 4161 τό
1070 4101 1287 4183 ἀκριβέστατον.

218 4198 241 4262 ¹)
259 4199 389 4247 Eiusmodi
408 4201 608 4262 comparationes
626 4207 652 4249 et
668 4200 694 4247 in
712 4200 818 4249 aliorum
830 4201 958 4250 rhetorum
977 4211 1001 4250 ot
1016 4202 1042 4250 in
1054 4202 1169 4264 Dionysii
1188 4203 1287 4266 scriptis

119 4282 251 4332 rhetoricis
267 4283 399 4348 indagatas
411 4283 531 4345 Brzoslra,
548 4292 576 4333 ut
592 4285 776 4334 demonstraret
792 4286 1006 4348 Pergamenorum
1026 4286 1184 4349 potissimum
1201 4297 1288 4337 auoto-

119 4367 192 4416 ritato
208 4367 301 4417 sactum
320 4383 383 4429 osso,
401 4376 428 4417 ut
445 4383 501 4418 oum
519 4368 597 4433 signis
615 4369 755 4432 tabulisque
773 4369 926 4432 eloquentia,
946 4384 1003 4417 cum
1020 4369 1155 4420 artificibus
1172 4380 1288 4422 oratores

119 4451 300 4515 conferrentur,
317 4453 343 4502 in
361 4453 544 4503 dissertationis
561 4453 682 4518 epimetro
700 4454 760 4504 sutis
778 4465 893 4504 accurate
911 4455 1028 4519 conlegit.
