2842 4806
621 899 767 1023 Uita.

220 1147 337 1271 Natus
364 1227 433 1268 sum
462 1204 653 1289 Augustus
682 1201 850 1270 Greilich
879 1226 904 1271 a.
927 1204 955 1271 d.
979 1204 1038 1268 lll.
1060 1202 1167 1267 Nonas
1188 1203 1275 1289 Aug.

73 1331 101 1370 a.
131 1308 180 1371 h.
205 1329 227 1374 s.
242 1305 315 1370 LX'
331 1307 362 1369 in
386 1304 502 1391 oppido
517 1304 676 1369 Leobsitia
697 1307 841 1390 Augusto
864 1315 895 1369 et
915 1303 1070 1368 Mathilda
1087 1303 1275 1388 parentibus,

68 1429 247 1490 quorum
269 1407 350 1470 hane
371 1406 434 1469 iam
455 1417 553 1469 morte
576 1405 650 1469 mihi
671 1405 829 1490 abreptam
852 1427 918 1470 esse
939 1427 1060 1469 summo
1081 1404 1277 1469 cumdolore

65 1529 331 1574 commemoro.
372 1506 484 1571 Fidem
519 1507 666 1591 profiteor
706 1506 927 1591 euangelicam.
972 1506 1085 1570 Primis
1119 1506 1276 1571 literarum

62 1607 272 1672 elementis
294 1609 326 1671 in
340 1607 414 1671 ludo
429 1607 636 1672 Leobsitiensi
650 1607 785 1671 imbutus
804 1629 887 1671 anno
908 1608 936 1674 b.
952 1630 974 1673 s.
988 1606 1094 1670 LXX
1113 1607 1276 1692 gymnasio

60 1710 231 1792 patriae
267 1730 354 1773 meae
397 1708 527 1772 traditus
568 1731 644 1776 sum.
698 1707 795 1790 Quod
832 1729 901 1772 oum
936 1729 993 1794 per
1029 1728 1143 1771 nouem
1179 1729 1277 1771 annos

60 1808 400 1892 frequentauissem
432 1810 575 1873 examine
604 1808 689 1892 quod
720 1807 827 1873 dicunt
859 1809 1041 1872 maturitatis
1069 1819 1215 1894 superato
1244 1809 1277 1872 in

60 1909 304 1974 academiam
325 1910 510 1976 Uiadrinam
539 1930 588 1973 me
616 1908 741 1986 contuli,
765 1919 800 1972 ut
828 1910 862 1972 in
888 1909 990 1973 studia
1017 1910 1206 1995 philologica
1229 1912 1277 1973 in-

62 2010 299 2079 cumberem.
331 2012 384 2077 Ab
406 2033 443 2075 eo
464 2012 518 2094 qui
541 2020 606 2074 tum
629 2010 727 2074 fasces
742 2011 873 2088 tenebat,
888 2032 918 2074 u.
935 2011 986 2076 inl.
1003 2009 1222 2087 Weinhold,
1244 2012 1276 2074 in

62 2107 228 2175 ciuium
257 2113 504 2177 academicorum
532 2133 695 2175 numerum
724 2121 866 2198 receptus
891 2112 1090 2197 praeeipuam
1111 2132 1216 2176 curam
1243 2113 1277 2175 in

62 2214 334 2293 pernoscendis
349 2225 378 2278 et
394 2212 586 2279 Graecorum
609 2225 637 2276 et
652 2211 866 2276 Romanorum
886 2213 1008 2297 seriptis
1027 2234 1084 2297 per
1102 2212 1277 2296 quinquen-

65 2307 192 2377 nium
213 2316 312 2400 posui.
349 2313 516 2381 Seminarii
532 2313 712 2398 philologici
726 2334 783 2399 per
797 2334 852 2377 sex
868 2334 988 2377 menses
1005 2312 1276 2391 extraordinarius,
1369 2348 1373 2355 ·

66 2408 287 2479 ordinarius
301 2436 358 2500 per
372 2436 468 2479 unum
484 2436 600 2479 annum
614 2415 660 2477 lui
675 2414 796 2482 sodalis.
828 2414 992 2480 Praeterea
1006 2415 1107 2479 studia
1121 2414 1161 2479 ad
1174 2435 1277 2478 meam

67 2511 210 2594 ipsius
254 2517 411 2580 nationem
451 2516 636 2601 pertinentia
676 2514 839 2598 diligenter
874 2515 1011 2583 tractaui.
1063 2513 1137 2597 Qua
1175 2515 1208 2578 in
1242 2536 1277 2580 re

69 2631 304 2703 magnopere
325 2639 374 2681 me
395 2618 514 2681 adiuuit
535 2639 564 2683 u.
578 2614 630 2682 inl.
655 2613 872 2692 Weinhold‚
895 2617 948 2700 qui
969 2639 1025 2703 per
1045 2638 1143 2680 unum
1160 2638 1276 2680 annum

72 2717 113 2773 ut
159 2716 359 2783 interessem
388 2718 552 2781 seminario
584 2717 763 2801 germanico
796 2718 944 2801 permisit.
991 2717 1020 2781 Ε
1053 2716 1165 2799 scholis
1199 2739 1277 2800 quas

76 2809 287 2883 habuerunt
313 2840 345 2882 n.
374 2820 427 2884 inl.
463 2818 621 2902 Dilthey
656 2817 772 2881 Hertz
810 2817 964 2883 Partsch
997 2817 1276 2882 Reifferscheid

80 2909 178 2978 Ros
188 2918 308 2985 sbaoh
325 2919 459 2986 Weber
473 2917 679 2984 Weinhold
693 2940 829 2982 summos
838 2919 962 3004 percepi
972 2919 1098 2986 fructus.
1120 2917 1276 2984 Omnibus

83 3007 142 3075 his
158 3021 426 3106 praeceptoribus
440 3042 562 3106 semper
577 3021 691 3105 gratias
702 3020 822 3085 habebo
832 3041 927 3104 quam
941 3021 1099 3088 maximas.
1121 3019 1276 3084 Examine

88 3130 156 3197 pro
194 3120 343 3186 facultate
369 3121 503 3186 docendi
529 3142 634 3186 mense
656 3122 823 3186 Decembri
844 3123 917 3186 anni
938 3121 1117 3188 LXXXV·
1135 3121 1275 3188 absoluto

94 3207 138 3275 ab
162 3232 291 3287 aestate
311 3223 402 3286 huius
423 3224 496 3286 anni
521 3243 619 3307 usque
648 3223 791 3288 adhunc
819 3223 901 3286 diem
930 3223 1069 3309 magistri
1094 3243 1222 3288 munere
1242 3222 1276 3286 in

100 3323 277 3396 gymnasio
299 3322 498 3391 Suidnicensi
519 3324 641 3409 fungor.
